2738 4424
160 271 200 336 12
554 289 819 346 ammcmmcr

157 467 246 512 mum
266 449 352 514 dorni
372 455 467 534 atqua
488 452 523 516 in
542 452 666 535 reliqua
685 450 799 535 Gallia,
821 452 875 516 ille
897 451 1066 514 minimum
1088 454 1216 533 propter

130 553 404 624 aedidescentiam
426 561 543 642 posset,
569 577 627 641 per
653 577 686 624 se
710 559 873 639 crevisset3
903 555 1020 639 quibus
1043 555 1156 639 opibus
1178 573 1215 618 ac

158 661 265 725 nervis
286 680 352 725 non
375 663 478 727 solum
505 663 545 727 ad
570 664 776 728 minuendam
802 665 947 746 gratiam,
974 663 1031 727 sed
1051 680 1151 745 paene
1175 661 1215 725 ad

157 768 330 849 perniciem
356 786 446 832 suam
473 772 622 833 uteretur.
668 787 736 834 sese
764 773 871 832 tamen
894 774 926 834 et
947 787 1053 833 amore
1075 766 1214 831 fraterno

130 876 190 943 eet
212 873 448 938 existimatione
462 875 551 958 vulgi
566 874 766 939 commorari.
805 874 890 956 quod
912 875 941 938 si
964 874 1041 955 quid
1060 875 1089 937 ei
1104 895 1123 938 a
1138 872 1215 938 an-

157 996 226 1043 sare
257 980 386 1063 gravius
417 980 593 1064 accidisset,
625 999 699 1045 eum
729 980 797 1064 ipse
826 999 900 1044 eum
925 979 1032 1043 locum
1058 980 1214 1043 amicitiae

158 1085 241 1167 apud
269 1104 341 1149 eum
368 1090 500 1169 teneret,
528 1086 688 1150 neminem
715 1086 969 1151 existimaturum
991 1104 1058 1149 non
1079 1105 1137 1149 sua
1159 1104 1214 1148 vo·

157 1190 278 1256 luntate
293 1192 422 1270 factam3
448 1210 511 1273 qua
525 1210 567 1256 ex
581 1209 615 1256 re
629 1192 785 1274 futurum,
804 1193 853 1256 uti
868 1194 965 1256 totius
981 1190 1101 1255 Galliae
1116 1191 1214 1254 animi

131 1317 177 1367 aa
198 1316 233 1360 se
256 1301 478 1362 averterentur.
516 1297 593 1361 haec
616 1297 851 1382 cumpluribus
873 1297 978 1361 verbis
1000 1296 1081 1362 flens
1104 1295 1214 1360 ailae·

157 1421 226 1467 sare
248 1407 379 1486 peteret,
403 1400 517 1466 Caesar
539 1404 608 1467 eius
632 1403 776 1468 dextram
798 1403 939 1488 prendit3
964 1403 1143 1467 consolatus
1162 1421 1213 1466 ro-

156 1513 221 1592 gat,
247 1507 345 1572 finem
368 1510 480 1574 orandi
500 1511 608 1591 faciat;
631 1511 711 1574 tanti
734 1511 803 1575 eius
826 1510 910 1593 apud
932 1528 966 1574 se
988 1510 1121 1594 gratiam
1144 1527 1213 1573 esse

156 1614 305 1695 ostendit,
327 1615 376 1677 uti
396 1617 488 1679 atrei
503 1615 648 1700 publicae
663 1616 813 1679 iniuriam
828 1621 860 1680 at
874 1635 969 1680 suum
988 1615 1129 1679 dolorem
1144 1615 1213 1678 eius

129 1719 310 1791 avoluntati
333 1739 369 1782 ac
386 1721 534 1804 precibus
552 1722 716 1785 condonet
754 1719 985 1803 Dumnorigem
1003 1720 1043 1784 ad
1061 1725 1212 1804 sevocat,

154 1827 283 1890 fratrem
305 1826 445 1908 adhibet;
476 1846 556 1909 quae
578 1828 614 1890 iu
636 1845 674 1892 oo
701 1826 922 1911 reprehendat,
950 1827 1100 1908 ostendit;
1130 1844 1212 1909 quae

154 1931 221 2015 ipse
236 1932 409 2016 intellegat,
432 1951 515 2015 quae
531 1933 643 1997 civitas
667 1937 829 2016 queratur,
851 1933 1011 2017 proponit;
1034 1936 1153 2015 monet,
1175 1936 1213 1996 ut

154 2038 190 2101 in
211 2038 371 2120 reliquum
387 2042 511 2120 tempus
527 2057 636 2102 omnes
659 2039 855 2123 suspiciones
872 2039 963 2118 vitet3
986 2038 1155 2121 praeterita
1177 2055 1211 2102 so

154 2142 316 2208 Diviciaco
339 2144 428 2207 fratri
450 2144 629 2208 condonare
653 2143 734 2208 dicit
776 2143 967 2227 Dumnorigi
988 2143 1133 2207 custodes
1154 2162 1210 2226 po·

153 2250 214 2332 nit,
236 2254 273 2313 ut
296 2268 376 2331 quae
399 2254 482 2335 agat,
506 2250 696 2332 quibuscum
717 2249 877 2333 loquatur,
900 2249 982 2313 scire
1004 2248 1110 2331 possit

120 2367 134 2419 1
241 2353 361 2419 Eodem
385 2356 436 2421 die
458 2355 498 2420 ab
514 2355 766 2439 exploratoribus
786 2356 900 2418 certior
914 2354 1014 2418 facttrs
1029 2354 1134 2418 hostes
1149 2352 1209 2416 sub
1332 2411 1335 2417 .

153 2465 260 2525 monto
292 2462 471 2526 consedisse
501 2461 592 2524 milia
621 2479 774 2545 passuum
800 2459 840 2524 ab
866 2460 967 2544 ipsius
994 2459 1102 2523 castris
1129 2463 1209 2541 octo,

154 2567 256 2651 qualis
279 2573 361 2630 esset
382 2573 494 2631 natura
516 2567 632 2630 montis
654 2570 686 2631 et
709 2565 812 2648 qualis
833 2567 868 2629 in
891 2565 1027 2630 circuitu
1050 2583 1208 2649 ascensus,

127 2672 209 2756 equi
226 2677 459 2756 cognoscerent
477 2673 571 2735 misit
607 2672 826 2735 renuntiatum
840 2676 888 2736 est
909 2671 1033 2735 facilem
1055 2689 1129 2735 esse.
1168 2671 1208 2736 da

153 2779 245 2843 tertia
274 2778 384 2863 vigilia
414 2778 446 2841 Τ.
468 2776 657 2860 Labienum,
688 2776 828 2860 legatum
858 2795 915 2860 pro
945 2780 1103 2859 praetore,
1135 2795 1209 2841 cum

154 2884 276 2949 duabus
302 2884 480 2968 legionibus
506 2887 538 2947 et
562 2884 603 2947 iis
631 2881 779 2966 ducibus,
811 2883 866 2965 qui
896 2883 957 2946 iter
987 2889 1208 2966 cognoverant,

152 3010 313 3056 summum
340 2990 451 3073 iugum
478 2990 596 3052 montis
623 2987 792 3052 ascendere
817 2987 918 3069 iubet;
950 2986 1029 3070 quid
1055 2987 1107 3050 sui
1134 3006 1208 3051 con·
1238 3042 1241 3047 .

126 3097 216 3166 asilii
242 3097 295 3179 sit,
323 3094 467 3158 ostendit
512 3094 580 3178 ipse
607 3093 646 3158 de
677 3099 788 3176 quarta
815 3093 922 3176 vigilia
949 3092 1060 3156 eodem
1086 3093 1209 3178 itinere,

154 3221 217 3287 quo
248 3202 353 3265 hostes
385 3201 498 3282 ierant,
529 3200 569 3263 ad
601 3218 655 3263 eos
686 3199 848 3263 contendit
874 3200 1113 3283 equitatumque
1141 3218 1208 3263 om-

127 3327 227 3376 anem
249 3313 322 3371 anto
344 3323 379 3370 so
401 3306 505 3369 mittit
546 3305 581 3370 P.
605 3302 787 3387 Considius,
810 3305 867 3388 qui
888 3304 935 3368 rei
956 3304 1103 3369 militaris
1125 3305 1208 3389 peri-

153 3414 294 3478 tissimus
327 3411 501 3476 habebatur
535 3416 566 3475 et
598 3411 633 3475 in
667 3410 810 3475 exercitu
841 3409 874 3474 Ia
899 3407 1006 3474 Sullae
1038 3414 1070 3474 et
1100 3415 1208 3494 postea

153 3521 188 3582 in
225 3518 266 3581 M.
299 3517 400 3582 Crassi
437 3519 550 3600 fuerat,
590 3537 664 3582 cum
698 3515 951 3600 exploratoribus
987 3516 1207 3599 praemittitur.

120 3625 260 3689 2Prima
289 3624 373 3708 luce,
407 3643 482 3689 cum
514 3643 658 3688 summus
692 3641 784 3686 mons
816 3641 835 3685 a
867 3620 1006 3686 Iabieno
1039 3624 1209 3702 teneretur,

154 3733 222 3814 ipse
248 3729 287 3792 ab
314 3729 451 3793 hostium
479 3730 589 3793 castris
617 3747 681 3791 non
707 3729 835 3810 longius
858 3727 944 3791 mille
973 3731 1004 3790 et
1027 3726 1209 3809 quingentis

152 3835 298 3920 passibus
325 3835 446 3899 abesset
472 3853 589 3918 neque,
619 3839 654 3897 ut
680 3838 788 3916 postea
819 3852 861 3898 ex
887 3832 1021 3915 captivis
1047 3830 1210 3914 comperit,

153 3946 210 4006 aut
230 3941 331 4025 ipsius
353 3941 506 4006 adventus
534 3945 589 4004 aut
610 3938 740 4003 Labieni
768 3939 915 4022 cognitus
942 3940 1036 4020 osset,
1064 3934 1210 4001 Considi·
