<?xml version="1.0" encoding="UTF-8"?>
<!DOCTYPE html PUBLIC "-//W3C//DTD XHTML 1.0 Transitional//EN"
    "http://www.w3.org/TR/xhtml1/DTD/xhtml1-transitional.dtd">
<html xmlns="http://www.w3.org/1999/xhtml" xml:lang="en" lang="en">
 <head>
  <title>
</title>
<meta http-equiv="Content-Type" content="text/html;charset=utf-8" />
  <meta name='ocr-system' content='tesseract 3.04.00' />
  <meta name='ocr-capabilities' content='ocr_page ocr_carea ocr_par ocr_line ocrx_word'/>
</head>
<body>
  <div class='ocr_page' id='page_1' title='image "./ciuliicaesarisb02meusgoog_0200.png"; bbox 0 0 2738 4424; ppageno 0'>
   <div class='ocr_carea' id='block_1_1' title="bbox 218 185 875 260">
    <p class='ocr_par' dir='ltr' id='par_1_1' title="bbox 218 185 875 260">
     <span class='ocr_line' id='line_1_1' title="bbox 218 185 875 260; baseline 0 0"><span class='ocrx_word' id='word_1_1' title='bbox 218 185 282 251; x_wconf 84' lang='lat'><strong>184</strong></span> <span class='ocrx_word' id='word_1_2' title='bbox 612 203 875 260; x_wconf 80' lang='lat' dir='ltr'><strong>erumelrrrcr</strong></span> 
     </span>
    </p>
   </div>
   <div class='ocr_carea' id='block_1_2' title="bbox 161 362 1290 3199">
    <p class='ocr_par' dir='ltr' id='par_1_2' title="bbox 161 362 1290 3199">
     <span class='ocr_line' id='line_1_2' title="bbox 216 362 1290 450; baseline 0.002 -24"><span class='ocrx_word' id='word_1_3' title='bbox 216 366 311 447; x_wconf 91' lang='lat' dir='ltr'><strong>ponte</strong></span> <span class='ocrx_word' id='word_1_4' title='bbox 333 362 373 428; x_wconf 91' lang='lat' dir='ltr'><strong>ab</strong></span> <span class='ocrx_word' id='word_1_5' title='bbox 395 364 608 430; x_wconf 80' lang='lat' dir='ltr'><strong>incidentibus</strong></span> <span class='ocrx_word' id='word_1_6' title='bbox 630 365 702 430; x_wconf 89' lang='lat' dir='ltr'><strong>telis</strong></span> <span class='ocrx_word' id='word_1_7' title='bbox 720 370 883 450; x_wconf 85' lang='lat' dir='ltr'><strong>tegeretur.</strong></span> <span class='ocrx_word' id='word_1_8' title='bbox 921 367 1020 450; x_wconf 88' lang='lat' dir='ltr'><strong>portis</strong></span> <span class='ocrx_word' id='word_1_9' title='bbox 1034 364 1118 429; x_wconf 87' lang='lat' dir='ltr'><strong>fores</strong></span> <span class='ocrx_word' id='word_1_10' title='bbox 1133 363 1290 429; x_wconf 82' lang='lat' dir='ltr'><strong>altiores-</strong></span> 
     </span>
     <span class='ocr_line' id='line_1_3' title="bbox 163 470 1287 555; baseline -0.002 -21"><span class='ocrx_word' id='word_1_11' title='bbox 163 475 201 534; x_wconf 82' lang='lat'><strong>10</strong></span> <span class='ocrx_word' id='word_1_12' title='bbox 218 486 280 552; x_wconf 91' lang='lat' dir='ltr'><strong>que</strong></span> <span class='ocrx_word' id='word_1_13' title='bbox 302 473 404 535; x_wconf 87' lang='lat' dir='ltr'><strong>turres</strong></span> <span class='ocrx_word' id='word_1_14' title='bbox 427 471 585 555; x_wconf 87' lang='lat' dir='ltr'><strong>imposuit</strong></span> <span class='ocrx_word' id='word_1_15' title='bbox 629 470 737 536; x_wconf 91' lang='lat' dir='ltr'><strong>Huius</strong></span> <span class='ocrx_word' id='word_1_16' title='bbox 759 471 944 535; x_wconf 89' lang='lat' dir='ltr'><strong>munitionis</strong></span> <span class='ocrx_word' id='word_1_17' title='bbox 966 470 1087 555; x_wconf 83' lang='lat' dir='ltr'>duplex</span> <span class='ocrx_word' id='word_1_18' title='bbox 1109 473 1181 534; x_wconf 87' lang='lat' dir='ltr'><strong>erat</strong></span> <span class='ocrx_word' id='word_1_19' title='bbox 1203 487 1287 533; x_wconf 92' lang='lat' dir='ltr'><strong>con·</strong></span> 
     </span>
     <span class='ocr_line' id='line_1_4' title="bbox 217 573 1286 661; baseline 0.001 -23"><span class='ocrx_word' id='word_1_20' title='bbox 217 573 334 638; x_wconf 88' lang='lat' dir='ltr'><strong>silium</strong></span> <span class='ocrx_word' id='word_1_21' title='bbox 383 594 521 660; x_wconf 90' lang='lat' dir='ltr'><strong>namque</strong></span> <span class='ocrx_word' id='word_1_22' title='bbox 553 581 585 640; x_wconf 89' lang='lat' dir='ltr'><strong>et</strong></span> <span class='ocrx_word' id='word_1_23' title='bbox 616 595 748 660; x_wconf 88' lang='lat' dir='ltr'><strong>operum</strong></span> <span class='ocrx_word' id='word_1_24' title='bbox 778 576 1031 661; x_wconf 82' lang='lat' dir='ltr'><strong>magnitudinem</strong></span> <span class='ocrx_word' id='word_1_25' title='bbox 1066 579 1097 640; x_wconf 92' lang='lat' dir='ltr'><strong>et</strong></span> <span class='ocrx_word' id='word_1_26' title='bbox 1127 575 1286 640; x_wconf 89' lang='lat' dir='ltr'><strong>timorem</strong></span> 
     </span>
     <span class='ocr_line' id='line_1_5' title="bbox 217 680 1285 765; baseline 0.001 -22"><span class='ocrx_word' id='word_1_27' title='bbox 217 697 312 744; x_wconf 91' lang='lat' dir='ltr'><strong>suum</strong></span> <span class='ocrx_word' id='word_1_28' title='bbox 335 681 481 765; x_wconf 79' lang='lat' dir='ltr'><strong>sperabat</strong></span> <span class='ocrx_word' id='word_1_29' title='bbox 501 680 652 747; x_wconf 91' lang='lat' dir='ltr'><strong>fiduciam</strong></span> <span class='ocrx_word' id='word_1_30' title='bbox 676 681 817 747; x_wconf 89' lang='lat' dir='ltr'><strong>barbaris</strong></span> <span class='ocrx_word' id='word_1_31' title='bbox 839 683 1033 764; x_wconf 90' lang='lat' dir='ltr'><strong>adlaturum,</strong></span> <span class='ocrx_word' id='word_1_32' title='bbox 1062 685 1094 746; x_wconf 89' lang='lat' dir='ltr'><strong>et</strong></span> <span class='ocrx_word' id='word_1_33' title='bbox 1120 699 1200 744; x_wconf 91' lang='lat' dir='ltr'><strong>cum</strong></span> <span class='ocrx_word' id='word_1_34' title='bbox 1222 700 1285 765; x_wconf 89' lang='lat' dir='ltr'><strong>pa·</strong></span> 
     </span>
     <span class='ocr_line' id='line_1_6' title="bbox 217 783 1284 873; baseline 0.001 -24"><span class='ocrx_word' id='word_1_35' title='bbox 217 783 362 850; x_wconf 90' lang='lat' dir='ltr'><strong>bulatum</strong></span> <span class='ocrx_word' id='word_1_36' title='bbox 396 787 686 870; x_wconf 72' lang='lat' dir='ltr'><strong>frumentatumque</strong></span> <span class='ocrx_word' id='word_1_37' title='bbox 719 788 847 873; x_wconf 87' lang='lat' dir='ltr'><strong>longius</strong></span> <span class='ocrx_word' id='word_1_38' title='bbox 882 791 964 852; x_wconf 89' lang='lat' dir='ltr'><strong>esset</strong></span> <span class='ocrx_word' id='word_1_39' title='bbox 997 785 1284 872; x_wconf 86' lang='lat' dir='ltr'><strong>proficiscendum,</strong></span> 
     </span>
     <span class='ocr_line' id='line_1_7' title="bbox 216 890 1282 977; baseline -0.001 -21"><span class='ocrx_word' id='word_1_40' title='bbox 216 891 323 975; x_wconf 86' lang='lat' dir='ltr'><strong>parvis</strong></span> <span class='ocrx_word' id='word_1_41' title='bbox 345 893 443 976; x_wconf 92' lang='lat' dir='ltr'><strong>copiis</strong></span> <span class='ocrx_word' id='word_1_42' title='bbox 466 897 567 958; x_wconf 88' lang='lat' dir='ltr'><strong>castra</strong></span> <span class='ocrx_word' id='word_1_43' title='bbox 588 893 767 957; x_wconf 90' lang='lat' dir='ltr'><strong>munitione</strong></span> <span class='ocrx_word' id='word_1_44' title='bbox 789 895 858 977; x_wconf 90' lang='lat' dir='ltr'><strong>ipsa</strong></span> <span class='ocrx_word' id='word_1_45' title='bbox 875 892 1005 958; x_wconf 89' lang='lat' dir='ltr'><strong>ridebat</strong></span> <span class='ocrx_word' id='word_1_46' title='bbox 1026 911 1118 977; x_wconf 89' lang='lat' dir='ltr'><strong>posse</strong></span> <span class='ocrx_word' id='word_1_47' title='bbox 1138 890 1282 957; x_wconf 81' lang='lat' dir='ltr'><strong>defendi</strong></span> 
     </span>
     <span class='ocr_line' id='line_1_8' title="bbox 191 996 1283 1083; baseline -0.002 -20"><span class='ocrx_word' id='word_1_48' title='bbox 191 996 343 1063; x_wconf 86' lang='lat' dir='ltr'><strong>ainterim</strong></span> <span class='ocrx_word' id='word_1_49' title='bbox 365 996 477 1062; x_wconf 91' lang='lat' dir='ltr'><strong>crebro</strong></span> <span class='ocrx_word' id='word_1_50' title='bbox 499 999 610 1083; x_wconf 83' lang='lat' dir='ltr'><strong>paucis</strong></span> <span class='ocrx_word' id='word_1_51' title='bbox 632 1000 793 1082; x_wconf 88' lang='lat' dir='ltr'><strong>utrimque</strong></span> <span class='ocrx_word' id='word_1_52' title='bbox 815 996 1074 1083; x_wconf 85' lang='lat' dir='ltr'><strong>procurrentibus</strong></span> <span class='ocrx_word' id='word_1_53' title='bbox 1095 997 1180 1061; x_wconf 89' lang='lat' dir='ltr'><strong>inter</strong></span> <span class='ocrx_word' id='word_1_54' title='bbox 1200 996 1283 1062; x_wconf 89' lang='lat' dir='ltr'><strong>bina</strong></span> 
     </span>
     <span class='ocr_line' id='line_1_9' title="bbox 217 1102 1282 1187; baseline -0.002 -20"><span class='ocrx_word' id='word_1_55' title='bbox 217 1107 318 1167; x_wconf 86' lang='lat' dir='ltr'><strong>castra</strong></span> <span class='ocrx_word' id='word_1_56' title='bbox 339 1102 455 1187; x_wconf 89' lang='lat' dir='ltr'><strong>palude</strong></span> <span class='ocrx_word' id='word_1_57' title='bbox 477 1103 641 1168; x_wconf 85' lang='lat' dir='ltr'><strong>interiecta</strong></span> <span class='ocrx_word' id='word_1_58' title='bbox 668 1103 932 1185; x_wconf 82' lang='lat' dir='ltr'><strong>contendebatur3</strong></span> <span class='ocrx_word' id='word_1_59' title='bbox 965 1122 1061 1187; x_wconf 88' lang='lat' dir='ltr'><strong>quam</strong></span> <span class='ocrx_word' id='word_1_60' title='bbox 1088 1106 1196 1166; x_wconf 90' lang='lat' dir='ltr'><strong>tamen</strong></span> <span class='ocrx_word' id='word_1_61' title='bbox 1221 1121 1282 1187; x_wconf 70' lang='lat' dir='ltr'><strong>pa</strong></span> 
     </span>
     <span class='ocr_line' id='line_1_10' title="bbox 216 1207 1281 1292; baseline 0 -21"><span class='ocrx_word' id='word_1_62' title='bbox 216 1207 324 1272; x_wconf 89' lang='lat' dir='ltr'><strong>ludem</strong></span> <span class='ocrx_word' id='word_1_63' title='bbox 350 1227 417 1273; x_wconf 92' lang='lat' dir='ltr'><strong>non</strong></span> <span class='ocrx_word' id='word_1_64' title='bbox 443 1228 619 1292; x_wconf 88' lang='lat' dir='ltr'><strong>numquam</strong></span> <span class='ocrx_word' id='word_1_65' title='bbox 646 1214 701 1273; x_wconf 90' lang='lat' dir='ltr'><strong>aut</strong></span> <span class='ocrx_word' id='word_1_66' title='bbox 726 1215 835 1274; x_wconf 90' lang='lat' dir='ltr'><strong>nostra</strong></span> <span class='ocrx_word' id='word_1_67' title='bbox 862 1209 982 1274; x_wconf 83' lang='lat' dir='ltr'><strong>auxilia</strong></span> <span class='ocrx_word' id='word_1_68' title='bbox 1005 1207 1169 1272; x_wconf 84' lang='lat' dir='ltr'><strong>Gallorum</strong></span> <span class='ocrx_word' id='word_1_69' title='bbox 1198 1207 1281 1272; x_wconf 84' lang='lat' dir='ltr'><strong>Ger·</strong></span> 
     </span>
     <span class='ocr_line' id='line_1_11' title="bbox 216 1312 1279 1399; baseline -0.001 -21"><span class='ocrx_word' id='word_1_70' title='bbox 216 1332 449 1398; x_wconf 88' lang='lat' dir='ltr'><strong>manorumque</strong></span> <span class='ocrx_word' id='word_1_71' title='bbox 479 1315 654 1379; x_wconf 87' lang='lat' dir='ltr'><strong>transibant</strong></span> <span class='ocrx_word' id='word_1_72' title='bbox 682 1316 850 1399; x_wconf 90' lang='lat' dir='ltr'><strong>acriusque</strong></span> <span class='ocrx_word' id='word_1_73' title='bbox 880 1316 986 1380; x_wconf 91' lang='lat' dir='ltr'><strong>hostes</strong></span> <span class='ocrx_word' id='word_1_74' title='bbox 1016 1312 1279 1398; x_wconf 85' lang='lat' dir='ltr'><strong>insequebantur,</strong></span> 
     </span>
     <span class='ocr_line' id='line_1_12' title="bbox 217 1419 1280 1505; baseline 0.002 -23"><span class='ocrx_word' id='word_1_75' title='bbox 217 1423 272 1483; x_wconf 91' lang='lat' dir='ltr'><strong>aut</strong></span> <span class='ocrx_word' id='word_1_76' title='bbox 301 1419 443 1484; x_wconf 72' lang='lat' dir='ltr'><strong>vicissm</strong></span> <span class='ocrx_word' id='word_1_77' title='bbox 471 1421 577 1485; x_wconf 90' lang='lat' dir='ltr'><strong>hostes</strong></span> <span class='ocrx_word' id='word_1_78' title='bbox 609 1422 742 1485; x_wconf 91' lang='lat' dir='ltr'><strong>eandem</strong></span> <span class='ocrx_word' id='word_1_79' title='bbox 773 1422 960 1505; x_wconf 83' lang='lat' dir='ltr'><strong>transgressi</strong></span> <span class='ocrx_word' id='word_1_80' title='bbox 990 1425 1116 1485; x_wconf 89' lang='lat' dir='ltr'><strong>nostros</strong></span> <span class='ocrx_word' id='word_1_81' title='bbox 1146 1419 1280 1502; x_wconf 87' lang='lat' dir='ltr'><strong>longius</strong></span> 
     </span>
     <span class='ocr_line' id='line_1_13' title="bbox 191 1523 1278 1610; baseline 0.002 -23"><span class='ocrx_word' id='word_1_82' title='bbox 191 1523 464 1589; x_wconf 83' lang='lat' dir='ltr'><strong>asummorebant</strong></span> <span class='ocrx_word' id='word_1_83' title='bbox 502 1525 663 1590; x_wconf 88' lang='lat' dir='ltr'><strong>accidebat</strong></span> <span class='ocrx_word' id='word_1_84' title='bbox 685 1531 790 1591; x_wconf 89' lang='lat' dir='ltr'><strong>autem</strong></span> <span class='ocrx_word' id='word_1_85' title='bbox 815 1526 983 1591; x_wconf 89' lang='lat' dir='ltr'><strong>cotidianis</strong></span> <span class='ocrx_word' id='word_1_86' title='bbox 1004 1524 1278 1610; x_wconf 88' lang='lat' dir='ltr'><strong>pabulationibus,</strong></span> 
     </span>
     <span class='ocr_line' id='line_1_14' title="bbox 217 1629 1277 1718; baseline 0.003 -25"><span class='ocrx_word' id='word_1_87' title='bbox 217 1665 261 1676; x_wconf 98' lang='lat'><em>-</em></span> <span class='ocrx_word' id='word_1_88' title='bbox 283 1629 317 1693; x_wconf 94' lang='lat' dir='ltr'><strong>id</strong></span> <span class='ocrx_word' id='word_1_89' title='bbox 339 1631 426 1714; x_wconf 91' lang='lat' dir='ltr'><strong>quod</strong></span> <span class='ocrx_word' id='word_1_90' title='bbox 447 1631 589 1697; x_wconf 86' lang='lat' dir='ltr'><strong>accidere</strong></span> <span class='ocrx_word' id='word_1_91' title='bbox 612 1638 679 1697; x_wconf 89' lang='lat' dir='ltr'><strong>erat</strong></span> <span class='ocrx_word' id='word_1_92' title='bbox 699 1651 840 1718; x_wconf 90' lang='lat' dir='ltr'><strong>necesse,</strong></span> <span class='ocrx_word' id='word_1_93' title='bbox 868 1652 942 1696; x_wconf 89' lang='lat' dir='ltr'><strong>curn</strong></span> <span class='ocrx_word' id='word_1_94' title='bbox 964 1633 1045 1696; x_wconf 89' lang='lat' dir='ltr'><strong>raris</strong></span> <span class='ocrx_word' id='word_1_95' title='bbox 1070 1630 1277 1714; x_wconf 88' lang='lat' dir='ltr'><strong>disiectisque</strong></span> 
     </span>
     <span class='ocr_line' id='line_1_15' title="bbox 218 1735 1278 1822; baseline 0.001 -21"><span class='ocrx_word' id='word_1_96' title='bbox 218 1754 260 1801; x_wconf 84' lang='lat' dir='ltr'><strong>ex</strong></span> <span class='ocrx_word' id='word_1_97' title='bbox 282 1735 435 1802; x_wconf 88' lang='lat' dir='ltr'><strong>aedificiis</strong></span> <span class='ocrx_word' id='word_1_98' title='bbox 456 1735 609 1822; x_wconf 90' lang='lat' dir='ltr'><strong>pabulum</strong></span> <span class='ocrx_word' id='word_1_99' title='bbox 627 1738 878 1820; x_wconf 86' lang='lat' dir='ltr'><strong>conquireretur,</strong></span> <span class='ocrx_word' id='word_1_100' title='bbox 897 1774 940 1785; x_wconf 98' lang='lat'>—</span> <span class='ocrx_word' id='word_1_101' title='bbox 963 1742 1001 1802; x_wconf 89' lang='lat' dir='ltr'><strong>ut</strong></span> <span class='ocrx_word' id='word_1_102' title='bbox 1018 1736 1178 1822; x_wconf 90' lang='lat' dir='ltr'><strong>impeditis</strong></span> <span class='ocrx_word' id='word_1_103' title='bbox 1196 1737 1278 1802; x_wconf 87' lang='lat' dir='ltr'><strong>locis</strong></span> 
     </span>
     <span class='ocr_line' id='line_1_16' title="bbox 190 1841 1278 1928; baseline -0.002 -21"><span class='ocrx_word' id='word_1_104' title='bbox 190 1841 351 1927; x_wconf 76' lang='lat' dir='ltr'><strong>adispersi</strong></span> <span class='ocrx_word' id='word_1_105' title='bbox 373 1842 574 1928; x_wconf 88' lang='lat' dir='ltr'><strong>pabulatores</strong></span> <span class='ocrx_word' id='word_1_106' title='bbox 596 1843 915 1926; x_wconf 82' lang='lat' dir='ltr'><strong>circumvenirentur3</strong></span> <span class='ocrx_word' id='word_1_107' title='bbox 940 1863 1022 1928; x_wconf 91' lang='lat' dir='ltr'><strong>quae</strong></span> <span class='ocrx_word' id='word_1_108' title='bbox 1039 1862 1103 1926; x_wconf 91' lang='lat' dir='ltr'><strong>res,</strong></span> <span class='ocrx_word' id='word_1_109' title='bbox 1126 1843 1187 1907; x_wconf 88' lang='lat' dir='ltr'><strong>etsi</strong></span> <span class='ocrx_word' id='word_1_110' title='bbox 1208 1861 1278 1906; x_wconf 90' lang='lat' dir='ltr'><strong>me-</strong></span> 
     </span>
     <span class='ocr_line' id='line_1_17' title="bbox 217 1947 1278 2016; baseline 0 -4"><span class='ocrx_word' id='word_1_111' title='bbox 217 1948 324 2016; x_wconf 90' lang='lat' dir='ltr'><strong>diocre</strong></span> <span class='ocrx_word' id='word_1_112' title='bbox 346 1949 569 2015; x_wconf 90' lang='lat' dir='ltr'><strong>detrimentum</strong></span> <span class='ocrx_word' id='word_1_113' title='bbox 590 1951 805 2014; x_wconf 90' lang='lat' dir='ltr'><strong>iumentorum</strong></span> <span class='ocrx_word' id='word_1_114' title='bbox 828 1969 865 2013; x_wconf 91' lang='lat' dir='ltr'><strong>ac</strong></span> <span class='ocrx_word' id='word_1_115' title='bbox 887 1968 1052 2014; x_wconf 87' lang='lat' dir='ltr'><strong>servorum</strong></span> <span class='ocrx_word' id='word_1_116' title='bbox 1078 1947 1197 2013; x_wconf 92' lang='lat' dir='ltr'><strong>nostris</strong></span> <span class='ocrx_word' id='word_1_117' title='bbox 1220 1948 1278 2012; x_wconf 90' lang='lat' dir='ltr'><strong>ad-</strong></span> 
     </span>
     <span class='ocr_line' id='line_1_18' title="bbox 215 2053 1277 2140; baseline 0 -22"><span class='ocrx_word' id='word_1_118' title='bbox 215 2056 346 2140; x_wconf 87' lang='lat' dir='ltr'><strong>ferebat,</strong></span> <span class='ocrx_word' id='word_1_119' title='bbox 373 2060 480 2120; x_wconf 90' lang='lat' dir='ltr'><strong>tamen</strong></span> <span class='ocrx_word' id='word_1_120' title='bbox 507 2056 619 2121; x_wconf 87' lang='lat' dir='ltr'><strong>stultas</strong></span> <span class='ocrx_word' id='word_1_121' title='bbox 647 2057 852 2140; x_wconf 84' lang='lat' dir='ltr'><strong>cogitationes</strong></span> <span class='ocrx_word' id='word_1_122' title='bbox 879 2055 1031 2120; x_wconf 89' lang='lat' dir='ltr'><strong>incitabat</strong></span> <span class='ocrx_word' id='word_1_123' title='bbox 1057 2053 1277 2137; x_wconf 89' lang='lat' dir='ltr'><strong>barbarorum,</strong></span> 
     </span>
     <span class='ocr_line' id='line_1_19' title="bbox 216 2159 1276 2246; baseline 0 -22"><span class='ocrx_word' id='word_1_124' title='bbox 216 2164 312 2245; x_wconf 91' lang='lat' dir='ltr'><strong>atque</strong></span> <span class='ocrx_word' id='word_1_125' title='bbox 345 2180 382 2226; x_wconf 92' lang='lat' dir='ltr'><strong>eo</strong></span> <span class='ocrx_word' id='word_1_126' title='bbox 415 2162 529 2246; x_wconf 87' lang='lat' dir='ltr'><strong>magis,</strong></span> <span class='ocrx_word' id='word_1_127' title='bbox 566 2160 652 2245; x_wconf 91' lang='lat' dir='ltr'><strong>quod</strong></span> <span class='ocrx_word' id='word_1_128' title='bbox 687 2159 861 2244; x_wconf 87' lang='lat' dir='ltr'><strong>Commius,</strong></span> <span class='ocrx_word' id='word_1_129' title='bbox 896 2179 990 2244; x_wconf 93' lang='lat' dir='ltr'><strong>quem</strong></span> <span class='ocrx_word' id='word_1_130' title='bbox 1023 2159 1199 2244; x_wconf 88' lang='lat' dir='ltr'><strong>profectum</strong></span> <span class='ocrx_word' id='word_1_131' title='bbox 1233 2160 1276 2224; x_wconf 90' lang='lat' dir='ltr'><strong>ad</strong></span> 
     </span>
     <span class='ocr_line' id='line_1_20' title="bbox 215 2264 1277 2350; baseline 0 -20"><span class='ocrx_word' id='word_1_132' title='bbox 215 2268 335 2331; x_wconf 80' lang='lat' dir='ltr'><strong>auxilia</strong></span> <span class='ocrx_word' id='word_1_133' title='bbox 369 2267 599 2332; x_wconf 85' lang='lat' dir='ltr'><strong>Germanorum</strong></span> <span class='ocrx_word' id='word_1_134' title='bbox 632 2267 820 2332; x_wconf 91' lang='lat' dir='ltr'><strong>arcessenda</strong></span> <span class='ocrx_word' id='word_1_135' title='bbox 855 2267 965 2350; x_wconf 89' lang='lat' dir='ltr'><strong>docui,</strong></span> <span class='ocrx_word' id='word_1_136' title='bbox 1001 2286 1076 2330; x_wconf 91' lang='lat' dir='ltr'><strong>cum</strong></span> <span class='ocrx_word' id='word_1_137' title='bbox 1110 2264 1277 2349; x_wconf 87' lang='lat' dir='ltr'><strong>equitibus</strong></span> 
     </span>
     <span class='ocr_line' id='line_1_21' title="bbox 214 2370 1274 2457; baseline -0.004 -19"><span class='ocrx_word' id='word_1_138' title='bbox 214 2378 357 2455; x_wconf 83' lang='lat' dir='ltr'><strong>renorat3</strong></span> <span class='ocrx_word' id='word_1_139' title='bbox 382 2374 438 2457; x_wconf 94' lang='lat' dir='ltr'><strong>qui</strong></span> <span class='ocrx_word' id='word_1_140' title='bbox 457 2374 580 2438; x_wconf 86' lang='lat' dir='ltr'><strong>tametsi</strong></span> <span class='ocrx_word' id='word_1_141' title='bbox 597 2391 731 2437; x_wconf 88' lang='lat' dir='ltr'><strong>numero</strong></span> <span class='ocrx_word' id='word_1_142' title='bbox 754 2391 820 2436; x_wconf 90' lang='lat' dir='ltr'><strong>non</strong></span> <span class='ocrx_word' id='word_1_143' title='bbox 838 2373 975 2456; x_wconf 90' lang='lat' dir='ltr'><strong>amplius</strong></span> <span class='ocrx_word' id='word_1_144' title='bbox 997 2377 1087 2436; x_wconf 90' lang='lat' dir='ltr'><strong>erant</strong></span> <span class='ocrx_word' id='word_1_145' title='bbox 1103 2370 1143 2454; x_wconf 90' lang='lat' dir='ltr'><strong>D,</strong></span> <span class='ocrx_word' id='word_1_146' title='bbox 1166 2375 1274 2435; x_wconf 84' lang='lat' dir='ltr'><strong>tamen</strong></span> 
     </span>
     <span class='ocr_line' id='line_1_22' title="bbox 161 2474 1275 2561; baseline -0.004 -16"><span class='ocrx_word' id='word_1_147' title='bbox 161 2489 198 2545; x_wconf 90' lang='lat'><strong>11</strong></span> <span class='ocrx_word' id='word_1_148' title='bbox 217 2479 445 2544; x_wconf 82' lang='lat' dir='ltr'><strong>Germanorum</strong></span> <span class='ocrx_word' id='word_1_149' title='bbox 473 2479 611 2544; x_wconf 78' lang='lat' dir='ltr'><strong>adventu</strong></span> <span class='ocrx_word' id='word_1_150' title='bbox 636 2479 763 2544; x_wconf 91' lang='lat' dir='ltr'><strong>barbari</strong></span> <span class='ocrx_word' id='word_1_151' title='bbox 788 2477 989 2543; x_wconf 90' lang='lat' dir='ltr'><strong>inflabantur.</strong></span> <span class='ocrx_word' id='word_1_152' title='bbox 1039 2474 1165 2561; x_wconf 78' lang='lat' dir='ltr'><strong>Caesar,</strong></span> <span class='ocrx_word' id='word_1_153' title='bbox 1197 2495 1275 2540; x_wconf 89' lang='lat' dir='ltr'><strong>cum</strong></span> 
     </span>
     <span class='ocr_line' id='line_1_23' title="bbox 215 2580 1274 2669; baseline -0.003 -20"><span class='ocrx_word' id='word_1_154' title='bbox 215 2584 479 2650; x_wconf 86' lang='lat' dir='ltr'><strong>animadverteret</strong></span> <span class='ocrx_word' id='word_1_155' title='bbox 504 2586 626 2650; x_wconf 91' lang='lat' dir='ltr'><strong>hostem</strong></span> <span class='ocrx_word' id='word_1_156' title='bbox 653 2584 832 2669; x_wconf 88' lang='lat' dir='ltr'><strong>complures</strong></span> <span class='ocrx_word' id='word_1_157' title='bbox 862 2584 931 2649; x_wconf 90' lang='lat' dir='ltr'><strong>dies</strong></span> <span class='ocrx_word' id='word_1_158' title='bbox 960 2583 1071 2649; x_wconf 87' lang='lat' dir='ltr'><strong>castris</strong></span> <span class='ocrx_word' id='word_1_159' title='bbox 1097 2580 1213 2666; x_wconf 88' lang='lat' dir='ltr'><strong>palude</strong></span> <span class='ocrx_word' id='word_1_160' title='bbox 1241 2586 1274 2646; x_wconf 91' lang='lat' dir='ltr'><strong>et</strong></span> 
     </span>
     <span class='ocr_line' id='line_1_24' title="bbox 214 2688 1273 2774; baseline 0 -23"><span class='ocrx_word' id='word_1_161' title='bbox 214 2688 277 2752; x_wconf 90' lang='lat' dir='ltr'><strong>loci</strong></span> <span class='ocrx_word' id='word_1_162' title='bbox 306 2694 419 2753; x_wconf 85' lang='lat' dir='ltr'><strong>natura</strong></span> <span class='ocrx_word' id='word_1_163' title='bbox 448 2692 580 2754; x_wconf 89' lang='lat' dir='ltr'><strong>munitis</strong></span> <span class='ocrx_word' id='word_1_164' title='bbox 613 2709 647 2755; x_wconf 90' lang='lat' dir='ltr'><strong>se</strong></span> <span class='ocrx_word' id='word_1_165' title='bbox 682 2694 790 2755; x_wconf 90' lang='lat' dir='ltr'><strong>tenere</strong></span> <span class='ocrx_word' id='word_1_166' title='bbox 823 2709 928 2773; x_wconf 90' lang='lat' dir='ltr'><strong>neque</strong></span> <span class='ocrx_word' id='word_1_167' title='bbox 960 2688 1137 2774; x_wconf 87' lang='lat' dir='ltr'><strong>oppugnari</strong></span> <span class='ocrx_word' id='word_1_168' title='bbox 1170 2691 1273 2752; x_wconf 88' lang='lat' dir='ltr'><strong>castra</strong></span> 
     </span>
     <span class='ocr_line' id='line_1_25' title="bbox 216 2793 1273 2880; baseline -0.001 -22"><span class='ocrx_word' id='word_1_169' title='bbox 216 2811 326 2859; x_wconf 91' lang='lat' dir='ltr'><strong>eorum</strong></span> <span class='ocrx_word' id='word_1_170' title='bbox 352 2795 421 2858; x_wconf 90' lang='lat' dir='ltr'><strong>sine</strong></span> <span class='ocrx_word' id='word_1_171' title='bbox 444 2794 646 2860; x_wconf 89' lang='lat' dir='ltr'><strong>dimicatione</strong></span> <span class='ocrx_word' id='word_1_172' title='bbox 672 2796 849 2880; x_wconf 89' lang='lat' dir='ltr'><strong>perniciosa</strong></span> <span class='ocrx_word' id='word_1_173' title='bbox 875 2814 934 2860; x_wconf 92' lang='lat' dir='ltr'><strong>nec</strong></span> <span class='ocrx_word' id='word_1_174' title='bbox 955 2796 1064 2860; x_wconf 89' lang='lat' dir='ltr'><strong>locum</strong></span> <span class='ocrx_word' id='word_1_175' title='bbox 1085 2793 1273 2858; x_wconf 90' lang='lat' dir='ltr'><strong>munitioni·</strong></span> 
     </span>
     <span class='ocr_line' id='line_1_26' title="bbox 214 2898 1271 2985; baseline -0.002 -19"><span class='ocrx_word' id='word_1_176' title='bbox 214 2900 275 2966; x_wconf 89' lang='lat' dir='ltr'><strong>bus</strong></span> <span class='ocrx_word' id='word_1_177' title='bbox 297 2900 402 2965; x_wconf 90' lang='lat' dir='ltr'><strong>claudi</strong></span> <span class='ocrx_word' id='word_1_178' title='bbox 423 2900 487 2965; x_wconf 90' lang='lat' dir='ltr'><strong>nisi</strong></span> <span class='ocrx_word' id='word_1_179' title='bbox 513 2921 533 2964; x_wconf 91' lang='lat' dir='ltr'><strong>a</strong></span> <span class='ocrx_word' id='word_1_180' title='bbox 554 2901 671 2966; x_wconf 91' lang='lat' dir='ltr'><strong>maiore</strong></span> <span class='ocrx_word' id='word_1_181' title='bbox 694 2902 837 2965; x_wconf 83' lang='lat' dir='ltr'><strong>exercitu</strong></span> <span class='ocrx_word' id='word_1_182' title='bbox 859 2919 965 2985; x_wconf 89' lang='lat' dir='ltr'><strong>posse,</strong></span> <span class='ocrx_word' id='word_1_183' title='bbox 991 2902 1111 2966; x_wconf 86' lang='lat' dir='ltr'><strong>litteras</strong></span> <span class='ocrx_word' id='word_1_184' title='bbox 1133 2898 1175 2963; x_wconf 92' lang='lat' dir='ltr'><strong>ad</strong></span> <span class='ocrx_word' id='word_1_185' title='bbox 1195 2898 1271 2964; x_wconf 79' lang='lat' dir='ltr'><strong>Tre·</strong></span> 
     </span>
     <span class='ocr_line' id='line_1_27' title="bbox 214 3003 1274 3091; baseline -0.005 -18"><span class='ocrx_word' id='word_1_186' title='bbox 214 3007 346 3073; x_wconf 91' lang='lat' dir='ltr'><strong>bonium</strong></span> <span class='ocrx_word' id='word_1_187' title='bbox 361 3007 472 3091; x_wconf 89' lang='lat' dir='ltr'><strong>mittit,</strong></span> <span class='ocrx_word' id='word_1_188' title='bbox 492 3010 542 3091; x_wconf 92' lang='lat' dir='ltr'><strong>ut,</strong></span> <span class='ocrx_word' id='word_1_189' title='bbox 560 3026 657 3090; x_wconf 90' lang='lat' dir='ltr'><strong>quam</strong></span> <span class='ocrx_word' id='word_1_190' title='bbox 672 3006 836 3071; x_wconf 88' lang='lat' dir='ltr'><strong>celerrime</strong></span> <span class='ocrx_word' id='word_1_191' title='bbox 851 3010 969 3090; x_wconf 86' lang='lat' dir='ltr'><strong>posset,</strong></span> <span class='ocrx_word' id='word_1_192' title='bbox 991 3006 1149 3090; x_wconf 83' lang='lat' dir='ltr'><strong>legionem</strong></span> <span class='ocrx_word' id='word_1_193' title='bbox 1170 3003 1274 3088; x_wconf 79' lang='lat' dir='ltr'><strong>XHI,</strong></span> 
     </span>
     <span class='ocr_line' id='line_1_28' title="bbox 216 3111 1273 3199; baseline -0.005 -20"><span class='ocrx_word' id='word_1_194' title='bbox 216 3133 297 3199; x_wconf 88' lang='lat' dir='ltr'><strong>quae</strong></span> <span class='ocrx_word' id='word_1_195' title='bbox 315 3133 389 3178; x_wconf 92' lang='lat' dir='ltr'><strong>cum</strong></span> <span class='ocrx_word' id='word_1_196' title='bbox 405 3113 438 3178; x_wconf 82' lang='grc' dir='ltr'><strong>Τ.</strong></span> <span class='ocrx_word' id='word_1_197' title='bbox 451 3112 561 3178; x_wconf 82' lang='lat' dir='ltr'><strong>Sextio</strong></span> <span class='ocrx_word' id='word_1_198' title='bbox 581 3113 684 3197; x_wconf 85' lang='lat' dir='ltr'><strong>legato</strong></span> <span class='ocrx_word' id='word_1_199' title='bbox 704 3113 741 3176; x_wconf 91' lang='lat' dir='ltr'><strong>in</strong></span> <span class='ocrx_word' id='word_1_200' title='bbox 757 3111 956 3196; x_wconf 86' lang='lat' dir='ltr'><strong>Biturigibus</strong></span> <span class='ocrx_word' id='word_1_201' title='bbox 974 3111 1146 3193; x_wconf 88' lang='lat' dir='ltr'><strong>hiemabat,</strong></span> <span class='ocrx_word' id='word_1_202' title='bbox 1169 3129 1273 3175; x_wconf 90' lang='lat' dir='ltr'><strong>arces·</strong></span> 
     </span>
    </p>
   </div>
   <div class='ocr_carea' id='block_1_3' title="bbox 164 3215 1273 3949">
    <p class='ocr_par' dir='ltr' id='par_1_3' title="bbox 164 3215 1273 3949">
     <span class='ocr_line' id='line_1_29' title="bbox 215 3215 1273 3302; baseline -0.005 -17"><span class='ocrx_word' id='word_1_203' title='bbox 215 3224 298 3285; x_wconf 88' lang='lat' dir='ltr'><strong>seret</strong></span> <span class='ocrx_word' id='word_1_204' title='bbox 324 3226 419 3302; x_wconf 88' lang='lat' dir='ltr'><strong>atque</strong></span> <span class='ocrx_word' id='word_1_205' title='bbox 445 3220 491 3284; x_wconf 88' lang='lat' dir='ltr'><strong>ita</strong></span> <span class='ocrx_word' id='word_1_206' title='bbox 517 3239 591 3284; x_wconf 91' lang='lat' dir='ltr'><strong>cum</strong></span> <span class='ocrx_word' id='word_1_207' title='bbox 618 3218 720 3283; x_wconf 89' lang='lat' dir='ltr'><strong>tribus</strong></span> <span class='ocrx_word' id='word_1_208' title='bbox 745 3218 926 3302; x_wconf 89' lang='lat' dir='ltr'><strong>legionibus</strong></span> <span class='ocrx_word' id='word_1_209' title='bbox 953 3219 1076 3302; x_wconf 88' lang='lat' dir='ltr'><strong>magnis</strong></span> <span class='ocrx_word' id='word_1_210' title='bbox 1101 3215 1273 3280; x_wconf 90' lang='lat' dir='ltr'><strong>itineribus</strong></span> 
     </span>
     <span class='ocr_line' id='line_1_30' title="bbox 190 3319 1272 3410; baseline -0.001 -24"><span class='ocrx_word' id='word_1_211' title='bbox 190 3325 257 3390; x_wconf 81' lang='lat' dir='ltr'><strong>aad</strong></span> <span class='ocrx_word' id='word_1_212' title='bbox 278 3344 312 3391; x_wconf 90' lang='lat' dir='ltr'><strong>se</strong></span> <span class='ocrx_word' id='word_1_213' title='bbox 330 3327 465 3406; x_wconf 84' lang='lat' dir='ltr'><strong>veniret3</strong></span> <span class='ocrx_word' id='word_1_214' title='bbox 489 3327 556 3410; x_wconf 90' lang='lat' dir='ltr'><strong>ipse</strong></span> <span class='ocrx_word' id='word_1_215' title='bbox 578 3326 701 3407; x_wconf 90' lang='lat' dir='ltr'><strong>equites</strong></span> <span class='ocrx_word' id='word_1_216' title='bbox 723 3326 878 3389; x_wconf 86' lang='lat' dir='ltr'><strong>invicem</strong></span> <span class='ocrx_word' id='word_1_217' title='bbox 900 3322 1074 3387; x_wconf 86' lang='lat' dir='ltr'><strong>Remorum</strong></span> <span class='ocrx_word' id='word_1_218' title='bbox 1096 3341 1133 3386; x_wconf 89' lang='lat' dir='ltr'><strong>ae</strong></span> <span class='ocrx_word' id='word_1_219' title='bbox 1154 3319 1272 3405; x_wconf 85' lang='lat' dir='ltr'><strong>Lingo-</strong></span> 
     </span>
     <span class='ocr_line' id='line_1_31' title="bbox 217 3431 1272 3516; baseline -0.006 -21"><span class='ocrx_word' id='word_1_220' title='bbox 217 3450 295 3496; x_wconf 92' lang='lat' dir='ltr'><strong>num</strong></span> <span class='ocrx_word' id='word_1_221' title='bbox 310 3431 568 3514; x_wconf 87' lang='lat' dir='ltr'><strong>reliquarumque</strong></span> <span class='ocrx_word' id='word_1_222' title='bbox 583 3431 760 3516; x_wconf 81' lang='lat' dir='ltr'><strong>civitatum,</strong></span> <span class='ocrx_word' id='word_1_223' title='bbox 783 3449 919 3514; x_wconf 89' lang='lat' dir='ltr'><strong>quorum</strong></span> <span class='ocrx_word' id='word_1_224' title='bbox 934 3447 1086 3512; x_wconf 90' lang='lat' dir='ltr'><strong>magnum</strong></span> <span class='ocrx_word' id='word_1_225' title='bbox 1099 3445 1272 3513; x_wconf 89' lang='lat' dir='ltr'><strong>numerum</strong></span> 
     </span>
     <span class='ocr_line' id='line_1_32' title="bbox 218 3530 1273 3621; baseline -0.007 -18"><span class='ocrx_word' id='word_1_226' title='bbox 218 3541 415 3620; x_wconf 78' lang='lat' dir='ltr'><strong>evocaverat,</strong></span> <span class='ocrx_word' id='word_1_227' title='bbox 448 3537 603 3621; x_wconf 89' lang='lat' dir='ltr'><strong>praesidio</strong></span> <span class='ocrx_word' id='word_1_228' title='bbox 634 3534 889 3621; x_wconf 91' lang='lat' dir='ltr'><strong>pabulationibus</strong></span> <span class='ocrx_word' id='word_1_229' title='bbox 919 3535 1029 3616; x_wconf 90' lang='lat' dir='ltr'><strong>mittit,</strong></span> <span class='ocrx_word' id='word_1_230' title='bbox 1063 3533 1120 3616; x_wconf 92' lang='lat' dir='ltr'><strong>qui</strong></span> <span class='ocrx_word' id='word_1_231' title='bbox 1151 3530 1273 3598; x_wconf 89' lang='lat' dir='ltr'><strong>subitas</strong></span> 
     </span>
     <span class='ocr_line' id='line_1_33' title="bbox 164 3637 1273 3716; baseline -0.005 -9"><span class='ocrx_word' id='word_1_232' title='bbox 164 3649 200 3707; x_wconf 74' lang='lat'><strong>12</strong></span> <span class='ocrx_word' id='word_1_233' title='bbox 217 3642 414 3708; x_wconf 88' lang='lat' dir='ltr'><strong>incursiones</strong></span> <span class='ocrx_word' id='word_1_234' title='bbox 436 3643 574 3707; x_wconf 91' lang='lat' dir='ltr'><strong>bostium</strong></span> <span class='ocrx_word' id='word_1_235' title='bbox 597 3644 794 3708; x_wconf 86' lang='lat' dir='ltr'><strong>sustinerent</strong></span> <span class='ocrx_word' id='word_1_236' title='bbox 834 3638 926 3716; x_wconf 80' lang='lat' dir='ltr'><strong>Quod</strong></span> <span class='ocrx_word' id='word_1_237' title='bbox 948 3659 1023 3705; x_wconf 90' lang='lat' dir='ltr'><strong>cum</strong></span> <span class='ocrx_word' id='word_1_238' title='bbox 1045 3640 1161 3704; x_wconf 88' lang='lat' dir='ltr'><strong>cotidie</strong></span> <span class='ocrx_word' id='word_1_239' title='bbox 1181 3637 1273 3702; x_wconf 85' lang='lat' dir='ltr'><strong>fieret</strong></span> 
     </span>
     <span class='ocr_line' id='line_1_34' title="bbox 218 3745 1273 3832; baseline -0.007 -18"><span class='ocrx_word' id='word_1_240' title='bbox 218 3765 255 3814; x_wconf 86' lang='lat' dir='ltr'><strong>ao</strong></span> <span class='ocrx_word' id='word_1_241' title='bbox 276 3748 342 3812; x_wconf 90' lang='lat' dir='ltr'><strong>iam</strong></span> <span class='ocrx_word' id='word_1_242' title='bbox 363 3748 592 3814; x_wconf 89' lang='lat' dir='ltr'><strong>consuetudine</strong></span> <span class='ocrx_word' id='word_1_243' title='bbox 607 3747 772 3832; x_wconf 89' lang='lat' dir='ltr'><strong>diligentia</strong></span> <span class='ocrx_word' id='word_1_244' title='bbox 793 3748 1002 3830; x_wconf 87' lang='lat' dir='ltr'><strong>minueretur,</strong></span> <span class='ocrx_word' id='word_1_245' title='bbox 1027 3745 1112 3830; x_wconf 91' lang='lat' dir='ltr'><strong>quod</strong></span> <span class='ocrx_word' id='word_1_246' title='bbox 1134 3745 1273 3829; x_wconf 88' lang='lat' dir='ltr'><strong>plerum·</strong></span> 
     </span>
     <span class='ocr_line' id='line_1_35' title="bbox 220 3850 1273 3949; baseline -0.005 -32"><span class='ocrx_word' id='word_1_247' title='bbox 220 3870 282 3937; x_wconf 90' lang='lat' dir='ltr'><strong>que</strong></span> <span class='ocrx_word' id='word_1_248' title='bbox 304 3853 419 3919; x_wconf 90' lang='lat' dir='ltr'><strong>accidit</strong></span> <span class='ocrx_word' id='word_1_249' title='bbox 441 3854 661 3936; x_wconf 90' lang='lat' dir='ltr'><strong>diuturnitate,</strong></span> <span class='ocrx_word' id='word_1_250' title='bbox 685 3853 846 3918; x_wconf 86' lang='lat' dir='ltr'><strong>Bellovaci</strong></span> <span class='ocrx_word' id='word_1_251' title='bbox 868 3850 988 3915; x_wconf 89' lang='lat' dir='ltr'><strong>delecta</strong></span> <span class='ocrx_word' id='word_1_252' title='bbox 1009 3871 1107 3949; x_wconf 78' lang='lat' dir='ltr'><strong>manu</strong></span> <span class='ocrx_word' id='word_1_253' title='bbox 1128 3850 1273 3934; x_wconf 91' lang='lat' dir='ltr'><strong>peditum</strong></span> 
     </span>
    </p>
   </div>
   <div class='ocr_carea' id='block_1_4' title="bbox 0 0 1374 4424">
    <p class='ocr_par' dir='ltr' id='par_1_4' title="bbox 0 0 1374 4424">
     <span class='ocr_line' id='line_1_36' title="bbox 0 0 1374 4424; baseline 0 3"><span class='ocrx_word' id='word_1_254' title='bbox 0 0 1374 4424; x_wconf 95' lang='lat' dir='ltr'><strong> </strong></span> 
     </span>
    </p>
   </div>
  </div>
 </body>
</html>
