2776 4426
412 249 556 304 LIBERI.
577 248 652 303 CAP.
672 249 782 304 53-11.
801 248 876 304 CAP.
895 251 920 302 4.
1155 237 1196 298 33

137 412 237 476 animi
252 413 343 476 novis
365 412 507 494 imperiis
523 410 705 490 studebant,
730 409 768 473 ab
784 428 851 473 non
865 409 963 473 nullis
980 410 1087 493 etiam,
1111 410 1225 492 quoda

138 520 174 582 in
197 517 300 583 Gallia
327 537 345 580 a
371 515 601 601 potentioribus
630 521 723 597 atque
745 516 797 599 iis,
827 517 882 598 qui
910 516 950 579 ad
973 516 1197 582 conducendos
1277 528 1279 532 ’

139 625 283 687 homines
309 623 474 687 facultates
502 621 671 703 habebant,
698 621 793 705 vulgo
821 641 920 704 regna
947 622 1195 705 occupabantur,

139 730 197 812 qui
210 730 316 792 minus
331 728 422 792 facile
437 747 506 792 eam
523 747 589 792 rem
605 728 738 809 imperio
752 732 861 791 nostro
877 728 1030 810 consequi
1044 733 1196 812 poterant.

139 836 200 900 His
221 835 345 898 nuntiis
367 834 543 914 litterisque
566 837 741 896 commotus
764 832 878 896 Caesar
900 834 979 898 duas
1000 833 1140 917 legiones
1161 836 1233 899 1112

140 942 285 1006 citeriore
308 939 410 1003 Gallia
432 958 531 1002 novas
554 939 740 1021 conscripsit
767 944 798 1002 et
823 940 904 1001 inita
931 944 1060 1022 aestate,
1087 940 1121 1003 in
1148 940 1197 1004 ul-

140 1049 287 1112 teriorem
304 1044 437 1110 Galliam
456 1045 512 1125 qui
528 1044 709 1127 deduceret,
733 1042 768 1120 Q.
784 1044 919 1108 Pedium
942 1044 1080 1128 legatum
1102 1047 1196 1110 misit

140 1153 220 1237 ipse,
252 1171 327 1216 cum
357 1152 496 1235 primum
526 1149 635 1233 pabuli
666 1150 757 1233 copia
788 1169 856 1214 esse
882 1152 1047 1235 inciperet,
1075 1151 1115 1214 ad
1142 1171 1224 1218 ert-r

140 1260 275 1322 ercitum
316 1258 413 1319 venit
479 1256 532 1318 dat
572 1257 735 1338 negotium
778 1253 958 1321 Senonibus
1001 1258 1224 1339 rehquisquee

140 1364 253 1447 (dalbs,
292 1365 346 1447 qui
383 1361 511 1425 finitimi
548 1361 655 1444 Belgis
693 1367 794 1445 erant,
833 1363 882 1425 uti
913 1382 962 1446 ea,
1002 1381 1082 1444 quae
1113 1363 1197 1448 apud

141 1488 194 1533 eos
217 1475 380 1554 gerantur,
412 1473 604 1551 cognoscant
636 1486 734 1548 seque
766 1468 805 1532 de
836 1468 886 1530 his
913 1469 1009 1533 rebus
1031 1470 1197 1534 certiorem

140 1575 263 1638 faciant.
308 1574 341 1637 hi
368 1579 548 1637 constanter
575 1592 684 1636 omnes
715 1574 945 1637 nuntiaverunt
972 1594 1086 1639 manus
1117 1576 1224 1659 cogit

140 1682 316 1746 exercitum
342 1680 378 1742 in
404 1699 505 1743 unum
532 1679 638 1742 locum
665 1679 808 1743 conduci.
853 1684 922 1743 tum
948 1699 1023 1744 rere
1052 1681 1224 1748 dubitem-s

141 1785 218 1849 dum
252 1806 318 1850 non
349 1786 554 1868 existimavit,
588 1785 665 1865 quin
697 1785 738 1847 ad
769 1803 822 1849 ecs
853 1785 1112 1868 proficisceretur.
1160 1806 1223 1854 ree

141 1891 346 1955 frumentaria
370 1891 500 1974 provisa
527 1895 628 1953 castra
655 1895 761 1954 movet
789 1889 964 1973 diebusque
988 1893 1111 1955 circiter
1132 1892 1198 1956 XV

141 1997 182 2060 ad
219 1997 300 2062 fines
337 1996 507 2080 Belgarum
545 1997 697 2078 pervenit
756 1995 803 2059 Bo
842 2017 915 2060 cum
954 1997 992 2062 de
1024 1999 1232 2082 improvisos

141 2104 340 2187 celeriusque
368 2104 511 2166 omnium
539 2102 688 2184 opinione
716 2103 867 2183 venisset,
900 2102 1005 2186 Remi,
1039 2105 1095 2186 qni
1125 2122 1197 2187 pro·

141 2211 222 2274 ximi
254 2209 373 2274 Galliae
406 2228 448 2272 61
479 2208 587 2290 Belgis
624 2213 711 2288 sunt,
748 2207 787 2271 ad
821 2226 894 2271 eum
926 2209 1044 2291 legatos
1075 2209 1198 2273 Iccium

140 2322 174 2380 et
203 2315 457 2397 Andebrogium,
489 2315 608 2396 primos
640 2314 789 2394 civitatis,
824 2315 991 2395 miserunt,
1027 2317 1082 2398 qui
1114 2315 1224 2382 dice-'e

142 2427 212 2486 rent
243 2441 277 2485 se
309 2439 430 2502 suaque
462 2421 570 2483 omnia
599 2420 634 2482 in
669 2418 765 2482 fidem
801 2425 895 2502 atque
926 2425 1110 2503 potestatem
1142 2440 1198 2505 po-

141 2528 209 2611 puli
235 2527 371 2591 Romani
402 2527 596 2610 permittere,
627 2545 731 2608 neque
764 2544 797 2588 se
829 2545 902 2589 cum
932 2527 1064 2609 reliquis
1091 2527 1198 2611 Belgis

141 2633 340 2698 consensisse
362 2649 468 2714 neque
492 2636 602 2694 contra
629 2631 783 2714 populum
805 2629 984 2695 Romanum
1007 2634 1198 2716 coniurasse,

142 2743 331 2823 paratosque
373 2757 442 2802 esse
484 2743 516 2801 et
554 2736 678 2800 obsides
720 2737 794 2800 dare
837 2745 868 2801 et
908 2739 1060 2821 imperata
1095 2740 1225 2808 iaceree

141 2853 176 2910 et
212 2845 335 2927 oppidis
372 2845 512 2925 recipere
551 2850 583 2907 et
613 2843 770 2906 frumento
807 2844 981 2926 ceterisque
1018 2845 1113 2910 rebus
1149 2847 1199 2909 iu-

143 2971 232 3030 vare3
262 2949 401 3032 rehquos
430 2968 539 3012 omnes
566 2948 680 3031 Belgas
712 2950 746 3010 in
774 2949 870 3012 armis
897 2968 979 3031 esse,
1011 2950 1225 3019 Germanos-4

144 3075 220 3138 que,
244 3057 300 3138 qui
322 3056 367 3118 eis
382 3055 530 3118 Rhenum
552 3055 705 3135 incolant,
728 3073 797 3118 sese
821 3074 894 3117 cum
916 3055 965 3118 his
985 3057 1199 3140 coniunxisse,

145 3167 333 3243 tantumque
356 3180 424 3225 esse
440 3179 549 3224 eorum
568 3161 711 3223 omnium
733 3160 885 3240 furorem,
909 3167 999 3225 utne
1015 3161 1226 3231 Suessionese

145 3267 289 3348 quidem,
316 3265 426 3329 fratres
454 3267 769 3348 consanguineosque
797 3285 883 3346 suos,
911 3267 967 3349 qni
994 3267 1105 3331 ecdem
1132 3269 1200 3333 iure

145 3379 178 3436 et
199 3372 300 3435 isdem
323 3371 446 3453 legibus
469 3376 611 3451 utantur,
633 3390 735 3433 unum
758 3371 926 3454 imperium
949 3381 1113 3456 unumque
1135 3394 1201 3437 ma

146 3479 312 3563 gistratum
328 3496 402 3539 cum
417 3476 493 3559 ipsis
508 3476 657 3558 habeant,
673 3476 829 3541 deterrere
844 3480 1011 3562 potuerint,
1035 3480 1113 3560 quin
1128 3499 1202 3544 cum

148 3586 198 3649 his
221 3584 441 3648 consentirent.

239 3687 319 3752 Cum
341 3688 380 3752 ab
403 3689 442 3753 iis
466 3696 642 3772 quaereret,
671 3710 752 3773 quae
779 3692 921 3757 civitates
946 3700 1145 3777 quantaeque
1168 3695 1235 3766 ina

149 3797 246 3860 armis
269 3800 376 3860 essent
397 3801 429 3859 et
452 3796 528 3878 quid
550 3797 585 3858 in
600 3795 683 3860 bello
698 3803 839 3879 possent,
863 3799 908 3862 sic
924 3801 1113 3882 reperiebat:
1137 3802 1203 3884 ple-

116 3962 117 3965 ,
151 3922 266 3986 rosque
292 3901 407 3984 Belgas
434 3921 502 3966 esse
530 3907 614 3966 ortos
641 3921 660 3964 a
688 3902 853 3966 Germanis
880 3903 1091 3987 Rhenumque
1123 3907 1204 3969 anti-

196 4021 285 4069 anset.
300 4022 326 4064 B.
341 4021 397 4065 Gall.
1029 4027 1045 4080 3
