2738 4424
181 277 243 340 192
575 291 679 348 BELLI
697 292 839 349 astuci

152 473 276 537 ignare
298 453 441 518 instituit
482 473 555 518 cum
574 454 751 538 complures
769 454 888 518 diesin
907 451 1144 537 oppugnatione
1161 467 1238 514 con·

181 559 365 643 sumpsisset
391 564 422 623 et
448 578 563 644 magno
590 579 723 624 suorum
751 559 938 625 detrimento
965 557 1088 622 nullam
1114 559 1239 641 partem

180 665 395 729 munitionum
422 665 599 730 convellere
626 665 791 749 potuisset,
822 683 932 729 rursus
959 664 999 727 ad
1027 659 1239 728 obsidendum

128 787 163 845 ῃ
181 769 358 835 Lemonum
378 770 469 835 redit
511 770 632 836 Eodem
655 775 796 856 tempore
819 770 852 835 (i.
868 769 985 835 Fabius
1006 769 1129 853 legatus
1152 786 1239 831 com-

181 875 287 961 plures
309 877 452 941 civitates
474 877 508 940 in
533 875 631 942 fidem
651 878 774 961 recipit,
798 876 961 941 obsidibus
982 873 1088 938 firmat
1108 873 1239 938 litteris·

183 1001 245 1064 que
279 981 405 1046 Caninii
441 981 478 1046 fit
510 983 637 1066 certior,
676 1001 757 1065 quae
790 983 826 1046 in
858 981 1045 1046 Pictonibus
1078 984 1239 1065 gerantur.

184 1087 300 1170 quibus
326 1088 424 1153 rebus
451 1089 587 1172 cognitis
612 1086 822 1173 proficiscitur
853 1086 894 1150 ad
921 1087 1078 1151 auxilium
1103 1083 1239 1150 Duratio

155 1194 355 1266 ,ferendum
393 1199 426 1258 at
447 1192 633 1259 Dumnacus
655 1194 794 1259 adventu
813 1192 903 1257 Fabii
926 1193 1052 1277 cognito
1076 1191 1240 1275 desperata

183 1299 297 1382 salute,
328 1301 357 1364 si
384 1298 495 1364 eodem
525 1304 665 1385 tempore
696 1304 824 1364 coactus
859 1303 941 1364 esset
971 1303 1004 1364 et
1035 1296 1239 1383 [Romanum]

184 1411 352 1470 externum
374 1406 529 1471 sustinere
554 1406 678 1471 hostem
709 1410 741 1471 et
767 1406 923 1490 respicere
949 1424 986 1468 ac
1011 1405 1123 1469 tmere
1150 1403 1241 1488 oppi-

184 1510 296 1593 danos,
317 1515 446 1594 repente
470 1529 510 1574 ex
532 1530 569 1576 eo
591 1511 661 1575 ioco
685 1530 758 1575 cum
780 1511 881 1594 copiis
897 1509 1017 1574 recedit
1033 1528 1093 1574 nec
1110 1528 1144 1574 se
1162 1509 1242 1574 satis

184 1619 289 1679 tutum
303 1616 370 1680 iore
386 1616 564 1699 arbitratur,
578 1617 641 1681 nisi
655 1615 775 1681 flumen
789 1615 943 1700 Ligerim,
960 1614 1045 1698 quod
1060 1619 1128 1680 erat
1144 1618 1242 1698 ponte

184 1726 310 1806 propter
339 1705 592 1806 magnitudinem
623 1722 865 1805 transeundum,
901 1721 1007 1805 copias
1039 1719 1241 1786 traduxisset

158 1826 313 1913 adabius,
341 1830 401 1894 etsi
422 1828 564 1893 nondum
586 1829 621 1892 in
644 1832 848 1911 conspectum
871 1827 1011 1891 hostium
1033 1830 1165 1892 venerat
1186 1845 1243 1890 ne·

187 1952 248 2017 que
275 1953 308 1999 se
335 1953 408 1998 cum
436 1933 568 2000 Caninio
596 1935 819 2018 coniunxerat,
850 1938 956 1998 tamen
985 1932 1098 1998 doctus
1125 1931 1165 1996 ab
1193 1932 1243 2016 iis,

186 2041 242 2122 qui
255 2039 398 2104 locorum
412 2044 567 2105 noverant
585 2045 745 2125 naturam,
764 2041 963 2124 potissimum
984 2037 1118 2103 credidit
1135 2039 1242 2103 hostes

157 2147 365 2229 aperterritos
387 2165 461 2211 eum
483 2146 603 2230 locum,
627 2163 722 2229 quem
744 2145 906 2230 petebant,
928 2146 1088 2230 petituros.
1132 2145 1241 2227 itaque

185 2269 259 2315 cum
275 2253 373 2336 copiis
388 2253 428 2316 ad
443 2250 580 2317 eundem
594 2257 723 2336 pontem
739 2251 902 2316 contendit
916 2252 1156 2335 equitatumque
1171 2255 1242 2315 tan·

185 2361 254 2421 tum
275 2358 461 2442 praecedere
487 2362 560 2422 ante
587 2377 701 2442 agmen
723 2359 857 2442 imperat
881 2357 1057 2441 legionum,
1085 2361 1241 2438 quantum

186 2483 259 2527 cum
285 2465 500 2548 processisset,
532 2464 600 2529 sine
628 2463 850 2547 defatigatione
881 2482 1035 2546 equorum
1066 2463 1102 2527 in
1129 2462 1242 2528 eadem

158 2586 220 2638 sse
242 2571 395 2652 reciperet
416 2575 525 2634 castra
571 2574 809 2652 consequuntur
830 2569 952 2652 equites
974 2569 1088 2653 nostri,
1114 2573 1241 2635 uteret

184 2679 399 2757 praeceptum,
434 2675 652 2758 invaduntque
681 2673 841 2739 Dumnaci
872 2693 987 2758 agmen
1020 2679 1051 2739 et
1083 2675 1241 2759 fugientes

185 2780 430 2863 perterritosque
467 2780 525 2844 sub
559 2781 692 2844 sarcinis
728 2781 764 2844 in
799 2781 913 2845 itinere
951 2781 1092 2864 adgressi
1125 2799 1240 2866 magna

185 2885 303 2969 praeda
324 2885 434 2950 multis
455 2886 628 2951 interiectis
650 2887 823 2970 potiuntur.
868 2887 968 2951 itare
991 2886 1072 2952 bene
1095 2892 1184 2971 gesta
1206 2905 1240 2952 se

128 3009 169 3067 ιε
185 2992 344 3076 recipiunt
364 2992 399 3055 in
417 2996 525 3056 castra.
562 2992 750 3073 Insequenti
767 2997 861 3056 nocte
875 2991 992 3057 Fabius
1010 2994 1134 3075 equites
1151 3011 1241 3077 prae-

185 3099 282 3163 mittit
303 3099 351 3162 sic
371 3103 509 3183 paratos,
536 3103 572 3162 ut
594 3097 802 3182 confligerent
826 3103 921 3181 atque
944 3119 1058 3184 agmen
1078 3118 1241 3165 moraren-

160 3209 251 3289 2tur,
285 3205 362 3268 dnm
393 3208 639 3287 consequeretur
670 3205 746 3288 ipse.
796 3206 888 3270 cuius
918 3205 1091 3289 praeceptis
1122 3210 1159 3270 ut
1189 3225 1240 3270 res

187 3315 360 3395 gereretur,
384 3308 419 3386 Q.
437 3311 534 3375 Atius
552 3309 671 3393 Varus,
692 3311 869 3395 praefectus
892 3313 1047 3394 equitum,
1071 3311 1240 3396 singularis

187 3422 219 3481 et
233 3418 332 3481 animi
346 3421 379 3483 et
390 3417 579 3502 prudentiae
591 3418 649 3501 vir,
665 3437 739 3482 suos
751 3419 895 3481 hortatur
909 3436 1087 3502 agmenque
1101 3417 1240 3481 hostium

187 3528 376 3588 consecutus
390 3527 510 3588 turmas
524 3525 639 3607 partim
653 3523 776 3588 idoneis
789 3524 869 3588 locis
885 3523 1034 3608 disponit,
1048 3527 1137 3607 parte
1152 3525 1241 3606 equi-

157 3633 256 3698 atum
277 3629 432 3713 proelium
454 3629 628 3693 committit
666 3628 809 3714 confligit
830 3628 981 3694 audacius
1004 3630 1164 3711 equitatus
1186 3631 1241 3693 ho-

188 3736 284 3798 stium
306 3734 546 3799 succedentibus
569 3735 631 3800 sibi
652 3735 824 3819 peditibus3
851 3734 908 3818 qui
928 3738 995 3798 toto
1018 3736 1144 3819 agmine
1166 3733 1242 3800 sub·

156 3841 333 3908 asistentes
356 3841 516 3924 equitibus
532 3841 600 3905 suis
618 3845 727 3905 contra
743 3846 867 3906 nostros
883 3841 989 3905 ferunt
1005 3841 1170 3906 auxilium.
1205 3839 1243 3905 fit

188 3944 346 4029 proelium
364 3947 429 4010 acri
446 3947 624 4011 certamine.
660 3964 800 4028 namque
816 3948 917 4012 nostri
934 3949 1123 4032 contemptis
1140 3947 1243 4032 pridie
