2738 4424
444 279 550 334 LIBER
567 279 627 332 VII.
648 278 723 332 OAP.
743 277 864 332 28-32.
1120 263 1179 324 147

131 441 255 524 ingrata
274 437 384 523 Gallis,
407 444 440 505 et
456 441 607 523 maxime,
631 439 716 522 quod
733 440 800 523 ipsc
819 440 924 503 animo
944 458 1009 503 non
1029 438 1184 503 defecerat

131 549 217 609 tanto
240 551 367 629 accepto
394 546 593 610 incommodo
620 563 725 628 neque
750 563 785 609 se
811 545 846 609 in
873 544 1031 608 occultum
1055 544 1183 611 abdide-

132 655 180 715 rat
210 654 242 717 et
272 655 476 735 conspectum
502 651 717 714 multitudinis
743 651 878 734 fugerat,
910 650 1046 734 plusque
1078 652 1209 728 animo,

130 757 296 841 providere
324 762 355 821 et
381 756 574 840 praesentire
602 755 856 838 existimabatur,
888 755 973 838 quod
999 775 1034 820 re
1062 756 1184 839 integra

130 864 232 947 primo
247 862 485 926 incendendum
498 862 685 944 Avaricum,
699 866 771 945 post
786 861 996 926 deserendum
1011 867 1182 928 censuerat

129 969 237 1052 itaque
264 973 301 1031 ut
321 968 518 1049 reliquorum
543 968 768 1052 imperatorum
793 986 845 1032 res
872 968 1023 1032 adversae
1050 969 1210 1045 auctori-3

130 1080 226 1139 tatem
248 1076 409 1158 minuunt,
432 1074 478 1138 sic
492 1073 587 1138 huius
602 1092 645 1138 ex
660 1074 817 1138 contrario
834 1073 970 1158 dignitas
984 1075 1183 1139 incommodo

130 1184 257 1264 accepto
280 1182 314 1243 in
337 1181 405 1245 dies
427 1179 608 1263 augebatur.
653 1179 748 1244 simul
770 1181 804 1243 in
826 1199 915 1263 spem
933 1180 1101 1245 veniebant
1116 1182 1183 1246 eius

129 1285 349 1350 adfirmatione
372 1286 411 1350 de
433 1285 566 1369 reliquis
588 1285 798 1369 adiungendis
814 1285 1009 1368 civitatibus,
1030 1287 1210 1370 primum-4

130 1411 191 1477 que
219 1412 256 1457 eo
280 1396 419 1475 tempore
447 1391 531 1456 Galli
557 1395 659 1456 castra
684 1392 809 1456 munire
834 1392 1052 1474 instituerunt3
1080 1397 1112 1457 et
1137 1393 1184 1457 sic

129 1503 220 1562 erant
241 1498 346 1561 animo
363 1498 556 1561 consternati
570 1498 714 1562 homines
729 1498 846 1561 insueti
860 1498 990 1580 laboris,
1010 1503 1048 1562 ut
1070 1500 1184 1582 omnia,

130 1622 211 1685 quae
227 1605 469 1686 imperarentur,
484 1603 546 1668 sibi
559 1604 709 1687 patienda
724 1604 949 1669 existimarent
987 1603 1055 1670 Nec
1068 1605 1184 1688 minus,
1200 1627 1237 1684 31

129 1727 224 1791 quam
253 1714 300 1773 est
325 1709 498 1792 pollicitus,
529 1708 773 1792 Vercingetorix
804 1711 909 1773 animo
941 1709 1117 1793 laborabat,
1148 1714 1185 1774 ut

128 1815 267 1898 reliquas
286 1816 427 1879 civitates
446 1815 645 1899 adiungeret,
668 1820 762 1898 atque
781 1834 891 1879 earum
910 1817 1068 1899 principes
1091 1816 1184 1880 donis

127 1920 471 2004 pollicitationibusque
493 1919 667 1985 adliciebat
712 1921 787 1985 huic
809 1920 856 1983 roi
882 1920 1014 1984 idoneos
1040 1919 1210 1995 hominess

129 2026 298 2111 deligebat,
322 2045 460 2110 quorum
483 2027 618 2110 quisque
640 2031 695 2089 aut
717 2025 858 2090 oratione
876 2024 1009 2090 subdola
1029 2031 1084 2090 aut
1106 2027 1183 2089 ami-

128 2133 203 2197 citia
225 2132 373 2197 facillime
396 2150 507 2215 capere
529 2136 642 2215 posset
689 2133 744 2216 qui
766 2133 904 2196 Avarico
931 2136 1112 2215 expugnato
1134 2151 1209 2206 req

128 2238 287 2321 ingerant,
310 2238 479 2302 armandos
501 2237 745 2320 vestiendosque
769 2243 871 2320 curat,
895 2238 1003 2320 simul,
1026 2242 1063 2302 ut
1086 2238 1211 2313 demi-4

129 2348 223 2409 nutae
247 2344 356 2427 copiae
379 2343 682 2426 redintegrarentur,
710 2345 845 2426 imperat
866 2348 987 2407 certum
1013 2362 1183 2408 numerum

128 2450 266 2514 militum
288 2449 484 2533 civitatibus,
512 2467 608 2532 quem
631 2454 663 2514 61
685 2469 782 2532 quam
809 2453 882 2514 ante
910 2449 995 2514 diem
1020 2451 1056 2512 in
1083 2454 1183 2514 castra

129 2557 243 2620 adduci
258 2556 347 2640 velit,
363 2556 605 2639 sagittariosque
621 2575 743 2639 omnes,
760 2575 896 2639 quorum
911 2561 978 2621 erat
991 2575 1183 2640 permagnus

128 2664 163 2726 in
191 2662 294 2726 Gallia
320 2681 487 2744 numanae,
519 2661 666 2743 conquiri
693 2667 724 2726 ct
750 2661 791 2724 ad
818 2680 852 2726 66
878 2662 961 2726 milti
987 2661 1084 2726 iubet
1132 2662 1183 2727 his

128 2768 224 2832 rebus
247 2768 391 2833 celeriter
413 2767 460 2850 id,
483 2766 569 2850 quod
583 2767 713 2831 Avarici
733 2767 919 2852 deperierat,
943 2768 1095 2852 expletur.
1133 2769 1209 2840 ins

130 2873 222 2938 terim
252 2873 469 2957 Teutomatus,
503 2872 697 2937 Olloviconis
727 2872 825 2955 filius,
862 2893 922 2938 rex
951 2873 1182 2957 Nitiobrogum,

130 2979 221 3043 cuius
243 2983 332 3062 pater
354 2979 393 3042 ab
417 2984 530 3043 senatu
551 2983 660 3043 nostro
676 2980 798 3044 amicus
818 2985 884 3043 erat
899 2979 1087 3062 appellatus,
1110 2998 1183 3042 cum

129 3103 244 3167 magno
275 3102 409 3147 numero
438 3085 582 3167 equitum
608 3104 740 3149 suorum
772 3089 804 3149 61
831 3102 910 3166 quos
942 3103 984 3149 ex
1009 3084 1184 3166 Aquitania

131 3190 327 3254 conduxerat
349 3189 390 3254 ad
412 3208 487 3254 eum
508 3191 659 3273 pervenit

219 3293 331 3359 Caesar
353 3296 483 3359 Avarici
506 3295 683 3379 complures
699 3296 766 3359 dies
781 3300 992 3359 commoratus
1014 3314 1184 3359 summam·
1201 3314 1236 3371 32

131 3420 194 3486 que
225 3400 270 3465 ibi
302 3402 426 3484 copiam
456 3400 606 3464 irrrmenti
640 3406 672 3466 et
702 3401 818 3482 reliqui
849 3406 1043 3466 commeatus
1074 3405 1184 3466 nactus
1260 3424 1266 3439 ·

130 3509 306 3573 exercitum
329 3527 371 3571 ex
385 3506 493 3571 labore
508 3511 602 3588 atque
616 3507 725 3591 inopia
739 3506 847 3572 reficit
885 3508 948 3570 iam
969 3526 1066 3592 prope
1081 3507 1211 3576 hiemes

130 3613 283 3695 confecta,
306 3633 380 3676 cum
397 3614 465 3696 ipso
485 3613 561 3677 anni
579 3617 717 3697 tempore
741 3612 782 3677 ad
795 3614 969 3698 gerendum
987 3613 1107 3678 bellum
1128 3632 1185 3678 vo·

131 3732 256 3784 caretur
279 3719 372 3783 etad
394 3719 517 3784 hostem
539 3717 695 3802 proficisci
715 3721 943 3801 constituisset,
966 3721 1034 3784 sive
1049 3738 1123 3783 eum
1145 3736 1186 3783 ex

129 3825 299 3909 paludibus
322 3826 474 3908 silvisque
498 3825 611 3889 elicere
634 3826 702 3890 sive
726 3825 892 3891 obsidione
907 3845 1050 3910 premere
1072 3829 1185 3909 posset,

128 3931 224 4016 legati
247 3931 288 3995 ad
310 3950 385 3995 eum
406 3931 564 4015 principes
591 3930 799 3996 Haeduorum
826 3933 961 3996 veniunt
987 3936 1123 4013 oratum,
1150 3935 1186 3995 ut

975 4053 1027 4109 10*
