2738 4424
380 305 487 361 LIBER
504 305 552 361 v1.
572 306 648 362 CAP.
663 305 798 363 sal-vn.
818 305 893 363 clP.
911 307 937 362 4.
1121 291 1183 356 133

129 467 352 551 principesque
380 485 422 532 11
449 467 598 532 omnibus
626 466 746 533 bellum
771 467 909 533 factruos
935 469 1123 553 pollicentur
1149 480 1214 560 111

132 573 284 656 quoniam
305 574 539 657 inpraesentia
561 573 726 638 obsidibus
748 591 862 638 cavere
875 575 959 639 inter
981 593 1015 640 se
1037 596 1103 641 non
1117 599 1188 664 pos-

132 679 208 762 sint,
234 697 276 744 ne
298 697 350 744 res
373 679 535 762 efferatur,
561 683 593 744 at
616 680 687 744 iure
713 679 848 744 iurando
872 699 909 744 ac
930 679 994 746 fide
1021 685 1188 772 sanciatur,

131 789 256 869 petunt,
279 785 411 850 conlatis
432 784 622 850 militaribus
645 785 758 869 signis,
786 805 848 869 quo
870 805 959 852 more
982 807 1091 852 eorum
1118 811 1188 876 gra-

131 892 261 956 vissima
291 892 483 956 caerimonia
514 891 707 975 continetur,
738 908 780 955 ne
811 891 894 956 facto
926 893 1018 958 initio
1046 894 1123 960 belli
1148 897 1187 962 ab

131 996 262 1081 reliquis
285 997 477 1062 deserantur.
515 1000 584 1060 tum
599 997 794 1062 conlaudatis
810 996 1001 1064 Carnutibus
1024 1000 1096 1066 dato
1119 1004 1215 1068 iures

132 1102 267 1167 iurando
290 1101 329 1167 ab
353 1102 513 1185 omnibus,
537 1102 594 1185 qui
616 1103 761 1185 aderaut,
787 1106 928 1187 tempore
951 1105 1021 1171 eius
1042 1108 1091 1172 rei
1113 1128 1189 1174 con·
1262 1169 1264 1173 .

27 1231 30 1235 <
132 1208 240 1273 stituto
264 1228 283 1271 a
305 1209 438 1273 concilio
462 1207 644 1273 disceditru.
687 1207 754 1274 Ubi
777 1227 815 1272 ea
830 1208 898 1274 dies
911 1211 1012 1294 venit,
1036 1210 1224 1280 Carnutest

133 1313 264 1379 Cotuato
288 1319 321 1380 et
342 1313 664 1380 Conconnetodumno
688 1313 837 1398 ducibus,
859 1314 1031 1400 desperatis
1053 1319 1189 1383 homini·

131 1420 204 1506 bus,
232 1419 396 1486 Cenabum
418 1421 508 1506 signo
532 1420 605 1485 dato
628 1424 824 1485 concurrunt
850 1421 1000 1505 cives'que
1021 1423 1189 1510 Romanos,

132 1529 189 1609 qui
214 1527 400 1611 negotiandi
427 1545 522 1591 11111
547 1525 594 1590 ibi
621 1527 839 1610 constiterant,
865 1528 902 1592 in
928 1530 978 1592 bis
1005 1529 1039 1595 C.
1061 1530 1212 1596 Fufium.

132 1632 247 1717 Citam,
269 1633 440 1697 honestum
453 1633 594 1715 equitem
608 1631 801 1718 Romanum,
825 1634 881 1716 qui
903 1635 951 1699 rei
964 1634 1189 1703 frumentariae

131 1740 221 1803 iussu
243 1738 387 1804 Caesaris
408 1742 564 1823 praeerat,
588 1737 785 1803 interficiunt
805 1739 952 1824 bonaque
976 1760 1086 1807 eorum
1113 1743 1188 1807 diri-

130 1846 231 1929 11111
277 1845 420 1910 celeriter
441 1845 481 1909 ad
504 1863 615 1909 omnes
630 1843 753 1910 Galliae
771 1846 912 1911 civitates
927 1847 1010 1910 fama
1024 1827 1187 1932 perfertur.
1200 1867 1214 1913 1

130 1970 204 2015 nam
227 1949 284 2014 ubi
303 1969 385 2034 quae
407 1951 510 2014 maior
532 1954 627 2033 atque
649 1949 813 2016 inlustrior
830 1951 943 2015 incidit
964 1970 1028 2037 ros,
1051 1952 1187 2019 clamore

129 2075 187 2140 per
208 2075 299 2142 agros
321 2057 529 2141 regionesque
552 2054 745 2140 significant3
773 2056 858 2120 hunc
881 2057 935 2120 alii
958 2057 1104 2143 deinceps
1131 2078 1187 2125 11-

32 2160 34 2164 ”
101 2173 105 2182 '
130 2163 252 2247 cipiunt
278 2167 310 2228 11
335 2162 490 2247 proximis
511 2161 652 2246 tradunt,
679 2165 716 2225 11
742 2165 811 2225 tum
837 2161 959 2228 accidit
1003 2183 1079 2227 nam
1106 2183 1214 2247 quaec

130 2267 249 2333 Cenabi
272 2269 393 2333 oriente
415 2267 481 2333 sole
503 2271 593 2352 gesta
616 2270 733 2352 essent,
761 2272 833 2332 ante
855 2269 991 2352 primam
1013 2269 1187 2335 confectam

128 2374 271 2459 vigiliam
296 2374 332 2438 in
357 2372 477 2438 finibus
503 2373 722 2438 Arvernorum
748 2372 857 2437 audita
886 2378 972 2459 suut,
1005 2376 1090 2458 quod
1117 2395 1187 2460 spa-

128 2480 210 2544 tium
237 2484 293 2559 est,
310 2479 436 2544 milium
462 2497 615 2563 passuum
641 2479 768 2544 circiter
794 2477 886 2544 CLX
936 2478 1038 2545 Simili
1065 2482 1222 2552 rational

128 2585 176 2650 ibi
190 2585 449 2679 Vercingetorix,
472 2583 589 2650 Celtilli
603 2583 713 2668 iilius,
725 2586 904 2670 Arvernus,
919 2604 1061 2651 summae
1075 2592 1187 2671 poten-

130 2692 193 2757 tiae
224 2691 424 2776 adulescens,
456 2691 548 2756 ouius
562 2682 668 2775 ‘pater
698 2691 910 2775 principatum
940 2693 1037 2757 totius
1068 2692 1187 2759 Galliae

130 2796 308 2862 obtinuerat
330 2801 362 2863 et
384 2796 424 2862 ob
448 2816 518 2862 eam
540 2815 681 2880 oausam,
705 2797 789 2880 quod
811 2815 947 2882 reguum
969 2798 1145 2883 adpetebat,
1167 2817 1188 2864 a

130 2903 256 2968 civitate
284 2908 351 2969 erat
377 2904 572 2988 interfectus,
599 2904 781 2968 convocatis
808 2903 875 2967 suis
902 2903 1071 2968 clientibus
1097 2904 1187 2969 facile
1253 2967 1258 2976 ,

129 3008 280 3072 incendit.
325 3008 451 3092 cognito
473 3009 543 3074 eius
563 3008 696 3072 oonsilio
712 3008 752 3072 ad
768 3006 1076 3074 arma'ooncunitnr.
1114 3028 1236 3092 pro-r·
1342 3101 1344 3108 Ι

129 3113 258 3178 bibetur
279 3133 298 3176 a
320 3113 565 3198 Gobannitione,
587 3119 700 3199 patruo
723 3133 796 3198 suo,
817 3114 1015 3198 reliquisque
1037 3115 1187 3198 principi·

129 3219 204 3305 bus,
236 3220 292 3303 qui
318 3219 401 3284 hano
428 3219 642 3303 temptandam
667 3218 827 3283 fortunam
857 3238 924 3282 non
948 3219 1185 3304 existimabant3

130 3324 303 3412 expellitur
324 3344 366 3390 ex
388 3325 503 3410 oppido
526 3323 696 3409 Gergovia3
725 3343 791 3388 non
814 3324 939 3389 desistit
964 3329 1070 3388 tamen
1092 3329 1214 3409 atquae

128 3434 165 3497 in
196 3432 280 3516 agris
311 3430 406 3496 habet
437 3430 777 3520 dilectumqegentium
812 3448 849 3493 ac
879 3430 1083 3514 perditorum.
1128 3431 1188 3498 1111

130 3542 238 3602 coacta
253 3557 364 3622 manu,
388 3555 606 3619 quoscumque
629 3535 694 3599 adit
716 3552 757 3599 11
775 3536 917 3618 civitate,
941 3536 981 3599 ad
1004 3555 1095 3601 suam
1116 3554 1187 3600 sen·

129 3644 262 3709 tentiam
283 3644 442 3727 perducit;
470 3643 623 3727 bortatur,
649 3647 686 3706 11
708 3642 884 3706 communis
910 3639 1067 3706 libertatis
1093 3661 1214 3708 111111

129 3768 218 3813 arma
240 3749 377 3833 capiant,
398 3749 588 3834 magnisque
614 3748 731 3814 coactis
754 3748 852 3832 copiis
879 3746 1077 3812 adversarios
1104 3767 1188 3832 snos,

131 3875 150 3918 a
173 3854 290 3939 quibus
311 3854 406 3939 paulo
430 3860 502 3918 ante
525 3859 591 3919 erat
606 3854 738 3939 eiectos,
760 3853 891 3938 expellit
905 3872 949 3919 ax
964 3854 1099 3921 civitate.
1129 3873 1213 3920 roro

129 3959 170 4024 ab
198 3961 266 4026 suis
298 3959 479 4045 appellatur.
534 3960 663 4024 dimittit
694 3979 821 4043 quoque
855 3979 968 4026 versus
999 3961 1185 4044 legationes3
