2738 4424
464 251 573 308 mna
589 254 624 309 V.
641 253 719 311 CAP.
736 256 861 312 ⁶1-st
1129 240 1192 305 1οῘ

132 416 241 484 bemis
258 414 425 480 ciceronis
440 415 532 479 milia
546 435 700 500 pamuum
717 416 843 483 abemet
866 418 993 483 circiter
1010 416 1072 482 LX
1092 436 1194 501 coque

131 528 202 611 pust
221 523 338 587 boram
357 538 479 586 nonam
500 521 565 585 diei
587 519 703 587 Gaesar
722 524 932 607 pervenisset,
959 528 1033 587 aute
1054 522 1193 587 mediam

130 634 261 697 noctem
277 626 321 691 ad
337 630 446 711 portas
461 632 638 692 castrorum
655 628 775 701 clamor
792 634 948 712 oreretur,
971 647 1034 711 quo
1056 628 1193 694 clamore

129 735 323 823 nignitimio
339 733 492 799 victuriae
504 734 739 818 gratulatioque
756 734 797 798 ab
810 734 920 800 Remis
937 733 1077 800 labieno
1095 733 1193 799 fieret

130 844 191 909 bac
210 842 301 907 fama
321 840 364 904 ad
382 839 536 904 movens
556 840 679 924 perlata
703 840 957 924 Indutiomarus,
984 841 1041 924 qui
1066 845 1221 924 posterea

128 948 183 1015 die
209 950 316 1012 carba
340 943 475 1009 labieni
500 964 682 1030 oppugnare
708 946 905 1031 decreverat,
930 952 1029 1012 noctu
1054 945 1195 1031 profugit

129 1055 305 1141 copiasque
337 1070 449 1117 omues
477 1053 515 1116 in
543 1051 697 1117 lberoros
726 1053 859 1117 reducit
913 1050 1028 1116 Gaesar
1056 1051 1220 1117 Fabiuma

128 1180 208 1229 cum
228 1178 290 1225 aua
310 1158 437 1242 logIone
457 1158 593 1223 remittit
613 1159 649 1222 iu
670 1157 816 1241 hiberna,
838 1160 907 1243 ipse
929 1177 1002 1222 cum
1026 1158 1077 1223 111
1094 1157 1194 1243 legle-

129 1267 230 1333 nibua
251 1265 373 1329 mcum
395 1262 649 1328 Samarobrivam
674 1265 768 1329 triuis
790 1263 933 1330 bibernis
954 1263 1096 1329 hiemare
1118 1282 1194 1329 cou-

127 1373 250 1456 stituIt,
285 1374 320 1436 et
349 1369 436 1453 quod
465 1371 547 1433 tanti
577 1375 683 1434 motus
719 1370 840 1436 Galliae
875 1371 1059 1455 extiterant,
1095 1374 1194 1436 totam

130 1480 272 1545 hiemem
300 1477 370 1561 ipse
401 1476 443 1540 ad
468 1476 646 1541 exercitum
676 1497 806 1543 manere
838 1477 985 1543 decrevit
1034 1497 1109 1541 nam
1135 1477 1219 1542 illoa

128 1581 335 1650 incommodo
362 1582 403 1647 de
430 1580 540 1646 Sabiui
566 1588 668 1648 morte
694 1583 815 1667 perlato
843 1603 954 1650 omnes
979 1583 1045 1649 fere
1073 1582 1194 1648 Galbae

127 1690 279 1757 civiates
305 1688 346 1753 de
370 1687 455 1752 bello
477 1688 712 1772 consultabant,
737 1690 868 1754 nuntios
894 1690 1132 1774 legationesque
1158 1690 1194 1755 in

127 1814 244 1861 omnes
259 1799 366 1879 partes
384 1794 585 1859 dimittebant
606 1799 650 1879 et,
670 1795 747 1876 quid
764 1794 882 1876 reliqui
902 1795 1028 1860 consilii
1045 1800 1194 1880 caperent

128 1906 228 1986 atque
252 1901 339 1966 uude
366 1900 495 1964 initium
517 1898 594 1965 belli
615 1900 717 1985 fieret,
740 1899 948 1985 explorabant
974 1906 1193 1984 nocturnaque

128 2009 168 2075 im
195 2006 275 2072 locis
308 2006 439 2071 desertis
470 2006 604 2071 concilia
635 2006 801 2072 habebant
856 2026 961 2090 neque
993 2007 1096 2071 ullum
1126 2007 1219 2075 feren

127 2114 229 2179 atina
251 2113 365 2178 hiemis
387 2117 511 2196 tempus
528 2113 598 2178 siue
615 2113 830 2178 sollicitudine
849 2111 992 2178 Gaesaris
1005 2113 1192 2200 intercessit,

127 2220 211 2303 quin
233 2219 374 2302 aliquem
396 2219 436 2284 de
459 2218 600 2284 consiliIs
622 2238 660 2284 ao
677 2223 768 2283 motu
787 2217 952 2283 Gallorum
969 2221 1119 2283 nuntium
1141 2239 1192 2285 ae-

127 2326 257 2410 ciperet
302 2325 338 2388 in
363 2325 413 2388 his
441 2324 480 2388 ab
507 2323 541 2389 h
564 2324 692 2409 Roscio,
721 2343 816 2409 quom
842 2324 961 2409 legioni
982 2324 1074 2390 XIII.
1101 2345 1218 2410 prae-e

128 2430 262 2514 fecerat,
281 2431 396 2496 certior
412 2429 514 2495 faeno
532 2434 580 2495 est
598 2449 730 2515 magnas
750 2428 937 2515 [Gallorum]
956 2431 1063 2515 coplas
1081 2450 1191 2496 earum

128 2538 308 2621 civitatum,
336 2555 417 2620 quae
440 2537 644 2602 Aremoricae
668 2536 880 2621 appellantur,
908 2538 1114 2622 oppugnandi
1140 2539 1192 2603 sui

127 2662 227 2708 eausa
249 2644 437 2708 convenisse
459 2661 565 2725 neque
583 2643 713 2728 longius
730 2643 861 2708 milibus
878 2663 1030 2730 passuum
1048 2642 1129 2708 VIII
1150 2644 1217 2710 abr

129 2748 274 2815 bibernis
296 2749 364 2814 auis
386 2749 516 2832 afuisse,
538 2749 595 2814 sed
616 2750 731 2813 nuutIo
755 2749 860 2813 adlato
887 2749 927 2815 de
954 2751 1086 2815 victoria
1114 2749 1191 2817 Gae-

126 2855 211 2920 aarr's
233 2855 428 2938 dmmssIsse,
452 2855 529 2919 adeo
547 2859 584 2919 ut
600 2855 695 2940 fugae
714 2855 826 2920 similis
846 2855 1003 2921 discessus
1021 2855 1189 2921 videretur.

217 2961 263 3026 At
286 2959 401 3026 Caesar
422 2961 620 3044 principibus
643 2962 798 3045 cuiusque
825 2962 961 3026 civitatis
988 2961 1027 3025 ad
1055 2979 1089 3026 se
1116 2980 1190 3026 evo·
1207 2974 1243 3030 bt

127 3067 208 3132 catis
230 3067 310 3130 alios
333 3067 519 3147 territando,
542 3086 616 3130 cum
638 3086 672 3132 ee
695 3067 789 3150 scire,
813 3085 894 3148 quac
915 3064 1042 3149 fierent,
1065 3065 1189 3130 denun-

127 3173 234 3257 tiaret,
257 3173 336 3236 alios
358 3172 552 3237 cohortando
575 3191 722 3256 magnam
737 3177 857 3256 partem
880 3171 1000 3236 Galliae
1027 3172 1063 3234 iu
1085 3170 1187 3235 officio

128 3280 239 3343 tenuit
285 3283 391 3343 tamen
414 3276 570 3359 Senones,
598 3296 679 3361 quae
703 3282 751 3342 est
773 3278 886 3341 civitas
908 3278 942 3340 in
965 3277 1075 3360 primis
1097 3275 1215 3340 firmor

127 3388 161 3448 et
190 3403 324 3469 maguae
355 3385 439 3448 inter
471 3382 578 3447 Gallos
615 3384 821 3467 auctoritatis,
858 3381 1060 3466 Gavarurum,
1093 3401 1188 3465 quem

128 3487 245 3556 Gaesar
271 3491 356 3574 apud
384 3508 438 3554 eos
464 3507 572 3573 regem
599 3490 817 3570 constituerat,
849 3488 942 3553 cuius
969 3488 1065 3553 frater
1091 3486 1188 3551 Mori·

128 3599 238 3680 tangus
272 3597 411 3660 adventu
443 3596 478 3659 iu
515 3594 650 3659 Galliam
686 3593 828 3659 Caesaris
863 3595 1018 3677 cuiusque
1052 3594 1187 3658 maiores

128 3720 263 3786 reguum
295 3702 508 3782 obtinuerant,
542 3700 719 3766 interficere
752 3700 877 3783 publico
910 3700 1041 3764 oonsilio
1074 3699 1187 3783 conati,

128 3826 203 3872 eum
225 3808 280 3873 ille
303 3808 528 3891 praesensisset
550 3826 586 3870 ao
609 3806 811 3891 profugisset,
839 3824 942 3888 usque
970 3804 1111 3871 adfines
1139 3805 1187 3868 iu-

127 3915 230 3978 secuti
251 3932 350 3998 regno
373 3914 531 3996 domoque
555 3914 759 3998 expulerunt,
783 3917 815 3977 et
828 3913 935 3977 missis
959 3912 999 3975 ad
1022 3909 1214 3977 Gaesaremn
