2738 4424
231 243 292 306 146
625 259 729 315 BELLI
747 259 888 315 GAHOECI

230 421 265 484 in
286 437 426 502 aequum
440 421 547 484 locum
569 439 637 486 sese
661 422 840 504 demittere,
862 419 920 486 sed
942 425 1008 485 toto
1027 420 1170 502 undique
1193 437 1289 482 muro

228 526 442 591 circumfundi
464 526 624 610 videnmt,
646 527 754 609 veriti,
776 545 817 591 ne
840 527 970 591 omnino
988 546 1059 610 spes
1081 525 1174 610 fugae
1197 524 1290 588 tolle·

229 637 329 717 retur,
353 631 481 698 abiectis
503 634 598 696 aruris
620 634 750 696 ultimas
773 633 881 717 oppidi
902 637 1007 717 partes
1029 631 1206 696 continenti
1228 630 1290 693 im-

202 743 306 825 spctu
327 739 521 822 petiverunt,
543 757 678 822 parsque
692 738 751 823 ibi,
774 757 847 802 cum
862 742 995 822 angusto
1012 738 1103 803 exitu
1123 742 1289 821 portarum

230 865 264 912 se
286 845 347 929 ipsi
369 847 560 929 premerent,
582 863 602 907 a
623 844 789 929 militibus,
811 864 884 927 pars
905 844 971 908 iam
985 863 1112 928 egressa
1125 843 1224 928 portis
1247 842 1289 906 ab

231 950 392 1035 equitibus
415 954 463 1015 est
485 950 657 1015 interfecta
702 968 762 1015 nec
783 949 846 1014 fuit
868 950 1050 1034 quisquam,
1073 950 1130 1032 qui
1151 949 1290 1032 praedae

203 1058 380 1123 rstuderet
424 1057 470 1121 sic
493 1063 525 1120 et
547 1056 724 1121 Cenabensi
746 1056 841 1120 caede
864 1059 896 1120 et
916 1055 1024 1120 labore
1047 1056 1150 1139 operis
1164 1054 1291 1119 incitati

231 1183 297 1228 non
311 1167 412 1228 aetate
427 1161 590 1245 confectis,
612 1181 678 1226 non
691 1161 893 1244 mulieribus,
909 1180 975 1225 non
989 1160 1163 1225 infantibus
1176 1180 1291 1245 peper-

204 1273 351 1334 ooerunt
396 1268 535 1348 denique
551 1287 593 1332 ex
608 1268 696 1331 omni
710 1286 855 1350 numero,
879 1267 935 1350 qui
948 1267 1009 1330 fuit
1024 1267 1149 1332 circiter
1163 1267 1291 1329 milium

230 1374 303 1457 XL,
325 1375 382 1436 vix
403 1372 525 1457 Dccc,
548 1375 605 1454 qui
625 1375 727 1456 primo
751 1373 888 1439 clamore
911 1374 1019 1437 audito
1046 1391 1081 1438 se
1108 1391 1150 1437 ex
1173 1372 1292 1457 oppido

233 1481 401 1562 eiecerunt,
438 1479 614 1543 incolumes
655 1480 696 1543 ad
730 1479 1025 1563 Vercingetorigem
1065 1485 1292 1563 pervenerunt

233 1603 312 1670 quos
344 1584 399 1648 ille
429 1584 530 1648 multa
560 1585 625 1647 iam
656 1589 749 1649 nocte
776 1585 902 1649 silentio
931 1604 973 1649 ex
998 1585 1074 1669 fuga
1100 1586 1228 1668 excepit
1258 1589 1292 1648 et

239 1691 365 1773 serium,
386 1708 428 1754 ne
451 1708 514 1772 qua
536 1690 571 1753 in
594 1692 704 1754 castris
727 1709 769 1755 ex
791 1709 903 1755 corum
926 1710 1084 1756 concursu
1111 1695 1142 1756 et
1167 1691 1292 1754 miseri·

234 1797 339 1864 cordia
356 1797 445 1882 vulgi
460 1797 572 1861 seditio
588 1800 742 1881 oreretur,
763 1797 876 1881 procul
889 1797 925 1859 in
946 1798 998 1860 vic
1016 1797 1176 1881 dispositis
1197 1795 1292 1860 fami»

231 1903 363 1968 liaribus
389 1904 456 1967 suis
481 1903 740 1986 principibusque
768 1903 931 1967 civitatum
959 1903 1164 1987 disparandos
1190 1902 1291 1968 dedu·

231 2011 413 2091 oendosque
449 2009 490 2072 ad
520 2028 595 2073 suos
631 2009 766 2092 curavit,
799 2028 880 2091 quae
916 2010 1031 2092 cuique
1066 2009 1187 2072 civitati
1215 2027 1294 2092 pars

232 2120 406 2180 castrorum
429 2113 467 2178 ab
490 2115 582 2179 initio
605 2113 783 2179 obvenerat

177 2230 215 2286 29
319 2221 450 2286 Postero
474 2221 525 2286 die
547 2222 680 2285 concilro
704 2225 876 2284 convocato
900 2220 1080 2285 consolatus
1094 2220 1293 2284 cohortatus·

233 2345 295 2411 que
318 2330 378 2410 est,
400 2345 442 2390 ne
464 2345 498 2391 se
521 2325 691 2390 admodum
713 2326 819 2390 animo
843 2326 1046 2391 demitterent
1067 2344 1149 2390 neve
1163 2331 1293 2409 pertur-

206 2434 383 2498 rbarcntur
404 2433 612 2497 incommodo.
657 2451 722 2496 non
744 2433 861 2495 virtute
886 2450 991 2515 neque
1018 2433 1052 2496 in
1079 2433 1146 2497 acie
1172 2432 1295 2496 vicisse

231 2537 402 2622 Romanos,
426 2539 481 2602 scd
503 2537 636 2602 artificio
660 2537 796 2620 quodam
819 2542 851 2602 et
873 2538 1006 2602 scientia
1033 2538 1294 2629 oppugnptionis,

205 2643 324 2707 aculus
350 2644 398 2707 rei
424 2642 543 2707 fuerint
568 2644 629 2727 ipsi
656 2644 803 2728 imperiti.
853 2662 971 2726 errare,
1003 2645 1030 2708 si
1058 2644 1115 2726 qui
1141 2644 1176 2707 in
1203 2642 1294 2708 bello

204 2766 342 2813 somnes
369 2749 524 2813 secundos
549 2768 657 2813 rerum
683 2753 855 2833 proventus
883 2753 1058 2834 expectent
1102 2749 1164 2814 sibi
1194 2769 1290 2813 num-

233 2874 329 2938 quam
349 2854 505 2939 placuisse
527 2855 702 2919 Avaricum
725 2854 864 2937 defendi,
890 2857 982 2919 cuius
1003 2856 1052 2920 rci
1079 2859 1175 2920 testes
1201 2857 1294 2939 ipsos

231 2960 373 3045 haberet,
396 2959 452 3026 sed
474 2960 592 3024 factum
614 2960 828 3044 imprudentia
851 2960 1035 3045 Biturigum
1058 2965 1090 3026 et
1111 2961 1210 3024 nimia
1233 2961 1290 3025 cb-

232 3068 398 3151 sequentia
423 3067 632 3150 reliquorum,
658 3067 708 3130 uti
733 3067 793 3130 hoc
819 3067 1056 3131 incommodum
1083 3067 1292 3150 acciperetur.

206 3174 266 3238 oid
296 3179 403 3238 tamen
434 3192 468 3238 se
500 3173 643 3238 celeriter
676 3173 850 3236 maioribus
886 3173 1058 3238 commodis
1094 3177 1288 3237 sanaturum.

206 3297 306 3343 onam
329 3298 409 3363 quae
432 3279 471 3344 ab
493 3279 623 3362 reliquis
646 3278 745 3344 Gallis
760 3279 903 3344 civitates
919 3279 1135 3360 dissentirent,
1156 3279 1214 3342 has
1228 3297 1294 3344 sua

233 3386 396 3469 diligentia
418 3385 644 3449 adiuncturum
667 3389 761 3467 atque
784 3403 887 3448 unum
909 3384 1078 3449 consilium
1101 3385 1198 3448 totius
1214 3382 1289 3448 Gal-

232 3493 294 3556 liae
316 3492 515 3574 effectuum,
538 3492 629 3555 cuius
644 3491 814 3555 consensui
829 3509 869 3554 ne
886 3489 970 3554 orbis
986 3491 1116 3572 quidem
1132 3495 1289 3555 terrarum

207 3598 334 3683 rpossit
356 3598 521 3678 obsistere;
545 3597 643 3679 idque
666 3615 700 3661 se
722 3615 819 3680 prope
837 3597 901 3661 iam
917 3595 1063 3661 effectum
1077 3596 1201 3660 habere.
1239 3597 1291 3657 in-

233 3708 320 3768 terea
341 3723 479 3787 aequum
501 3720 569 3767 esse
593 3700 631 3765 ab
659 3702 698 3765 iis
725 3702 904 3766 communis
931 3702 1041 3766 salutis
1069 3721 1164 3766 causa
1189 3702 1291 3784 impe-

233 3810 322 3892 trari,
344 3813 382 3873 ut
396 3813 497 3873 castra
511 3809 636 3874 munire
650 3807 864 3892 instituerent,
888 3826 950 3891 quo
968 3808 1093 3872 facilius
1107 3807 1298 3892 repentinos

180 3914 372 3978 cohortium
393 3915 531 3999 impetus
553 3914 709 3978 sustinere
731 3916 868 3997 possent
913 3912 988 3977 ruit
1009 3914 1088 3979 haec
1103 3915 1202 3979 oratio
1224 3932 1297 3978 non
