2738 4424
184 258 249 324 124
579 276 681 332 unm
700 276 840 333 semel

183 454 292 502 eorum
315 437 437 501 auxilia
457 438 607 522 tardaret,
628 438 759 503 reducto
782 437 925 503 exercitu
945 441 1068 521 partem
1093 435 1238 499 ultimam

183 541 299 626 pontis,
323 560 404 624 quae
426 543 511 626 ripas
533 542 691 608 Ubiorum
714 542 928 628 contingebat,
949 543 986 606 in
1007 540 1238 626 longitudinem

155 647 301 731 apedum
324 646 373 713 OG
395 649 558 734 rescindit,
586 655 681 731 atque
704 649 739 714 in
763 656 904 714 extremo
931 655 1028 733 ponte
1053 647 1165 712 turrim
1191 649 1238 710 ta·

182 751 364 819 bulatorum
395 752 461 818 1111
492 756 656 820 constituit
685 756 942 840 praesidiumque
970 755 1145 820 cohortium
1170 751 1238 816 ΧΠ

182 860 288 944 pontis
309 860 422 927 tuendi
444 879 540 925 ceusu
561 861 650 945 ponit
671 862 858 946 magnisque
879 879 952 927 eum
967 861 1073 926 locum
1087 858 1238 923 munitio-

182 965 279 1030 nibus
299 964 413 1031 firmat
458 967 488 1030 ei
509 966 579 1031 loco
603 967 825 1050 praesidioque
849 963 880 1030 O.
903 966 1090 1031 Volcacium
1111 963 1237 1028 Tullum

87 1159 91 1166 1
155 1071 417 1137 eadulescentem
438 1070 588 1156 praeficit
637 1074 719 1156 ipse,
746 1091 819 1136 cum
845 1078 1056 1136 maturescere
1081 1072 1238 1134 ’dumento

181 1177 371 1262 inciperent,
393 1178 434 1243 ad
455 1177 575 1242 bellum
596 1179 791 1262 Ambiorigis
813 1179 986 1263 profectus,
1012 1195 1069 1262 per
1090 1175 1238 1242 Arduen-

181 1301 256 1347 nam
287 1283 413 1368 silvam,
447 1303 527 1367 quae
560 1289 608 1348 est
635 1285 733 1348 totius
762 1284 882 1349 Galliae
908 1284 1050 1347 maxima
1074 1286 1169 1364 atque
1196 1280 1237 1345 ab

181 1389 258 1472 ripis
289 1389 393 1453 Rheni
419 1387 601 1473 finibusque
628 1389 836 1454 Treverorum
868 1389 909 1453 ad
935 1390 1072 1455 Nervios
1101 1387 1239 1473 pertinet

180 1494 378 1578 milibusque·
396 1494 532 1577 amplius
551 1493 581 1559 D
596 1496 631 1558 in
646 1494 877 1579 longitudinem
892 1500 989 1579 patet,
1011 1493 1045 1559 Ia
1060 1493 1238 1559 Minucium

181 1599 325 1663 Basilum
347 1619 421 1664 oum
444 1601 530 1664 omni
553 1602 695 1683 equitatu
714 1602 901 1684 praemittit,
928 1602 957 1666 si
980 1601 1058 1684 quid
1080 1601 1239 1666 celeritate

154 1705 306 1771 sitinene
327 1711 423 1790 atque
446 1707 657 1791 oportunitate
680 1707 831 1790 temporis
853 1707 1007 1790 proficere
1032 1707 1144 1792 possit;
1171 1725 1240 1771 mo·

180 1817 249 1896 net,
270 1816 307 1876 ut
328 1813 419 1898 ignes
440 1812 475 1877 in
498 1812 609 1878 castris
630 1811 702 1878 fieri
724 1812 900 1898 prohibeat,
927 1832 968 1877 ne
996 1832 1060 1897 qua
1087 1813 1158 1878 eius
1185 1812 1241 1876 ad-

181 1923 294 1984 rentus
327 1920 437 2004 procul
468 1919 656 2004 significatio
688 1918 754 1998 fiae
787 1938 856 1984 sese
888 1920 1053 1984 confestim
1086 1917 1239 2002 subsequi

126 2034 164 2092 ω
181 2025 265 2090 dicit
310 2025 448 2111 Basilus,
470 2030 508 2089 ut
529 2026 720 2110 imperatum
743 2030 803 2110 est,
825 2026 909 2089 iacit
954 2025 1097 2092 celeriter
1115 2030 1239 2089 contra-

181 2148 244 2214 que
267 2133 409 2197 omnium
432 2132 614 2217 opinionem
637 2133 779 2196 confecto
807 2133 922 2196 itinere
948 2130 1065 2196 multos
1091 2132 1127 2195 in
1153 2131 1238 2214 agris

180 2236 381 2322 inopinantes
404 2237 624 2322 deprehendit3
649 2256 760 2302 eorum
783 2238 900 2302 indicio
923 2221 1091 2320 adipsum
1104 2236 1237 2301 Ambio-

179 2342 280 2426 rigem
302 2344 476 2427 contendit,
503 2363 565 2427 quo
589 2344 623 2407 in
645 2343 716 2408 loco
744 2363 817 2407 cum
843 2344 953 2428 paucis
980 2342 1142 2426 equitibus
1168 2361 1236 2408 esse

152 2447 350 2514 adicebatur.
399 2448 537 2514 multum
563 2469 636 2513 erun
662 2451 698 2513 in
725 2450 874 2514 omnibus
900 2448 1009 2533 rebus,
1041 2453 1109 2513 tum
1138 2449 1174 2514 in
1200 2468 1236 2515 re

177 2552 308 2618 militari
333 2559 437 2639 potest
461 2554 603 2636 iorbma3
630 2573 704 2618 nam
734 2561 769 2619 ut
794 2574 909 2639 magno
936 2555 1052 2620 accidit
1078 2573 1168 2640 casu,
1199 2559 1237 2620 ut

178 2658 213 2723 in
226 2658 332 2742 ipsum
345 2661 510 2724 incautum
525 2661 621 2725 etiam
637 2665 732 2743 atque
748 2661 938 2745 imparatum
953 2660 1115 2744 incideret,
1131 2661 1235 2744 prius-

179 2782 241 2848 que
269 2764 337 2829 eius
364 2765 519 2830 adventus
550 2766 589 2830 ab
616 2766 799 2831 bominibus
826 2767 997 2851 rideretur,
1028 2784 1125 2849 quam
1150 2765 1236 2830 fama

178 2889 215 2935 ac
236 2871 369 2936 nuntius
387 2871 575 2956 adferretur,
598 2873 644 2936 sic
661 2891 795 2955 magnae
813 2873 876 2936 fuit
897 2873 1054 2955 fortunae,
1072 2872 1160 2936 omni
1173 2872 1235 2936 mi-

177 2976 263 3041 litari
284 2976 507 3061 instrumento,
531 2977 618 3060 quod
633 2978 754 3042 circum
769 2995 803 3041 se
818 2977 966 3062 habebat,
989 2981 1107 3062 erepto,
1128 2978 1234 3042 raedis

150 3083 333 3166 aequisque
355 3083 588 3167 comprehensis
612 3083 719 3166 ipsum
745 3083 883 3167 effugere
909 3087 1051 3148 mortem
1096 3083 1152 3148 sed
1173 3084 1233 3148 boc

177 3187 296 3253 iectmn
318 3194 378 3273 est,
401 3189 487 3272 quod
509 3187 654 3254 aedificio
678 3189 872 3254 circumdato
896 3189 990 3272 silva,
1012 3192 1049 3253 ut
1071 3193 1147 3253 sunt
1166 3189 1234 3254 iere

178 3293 337 3359 domicilia
360 3294 545 3380 Gallorum,
562 3296 618 3377 qui
644 3296 766 3360 vitandi
794 3300 898 3361 aestus
925 3314 1021 3360 eausa
1046 3295 1234 3380 plerumque

177 3399 331 3464 silvarum
354 3419 390 3465 ae
411 3400 580 3465 fluminum
603 3405 716 3486 petunt
738 3402 1004 3486 propinquitates,
1030 3402 1162 3466 comites
1187 3401 1233 3464 fa-

176 3504 381 3588 miliaresque
405 3507 474 3571 eius
489 3513 622 3591 angusto
642 3507 677 3570 in
691 3507 761 3571 loeo
775 3507 936 3590 paulisper
951 3508 1096 3589 equitum
1110 3511 1232 3571 nostro-

150 3627 250 3675 erum
272 3612 339 3677 vim
362 3613 588 3678 sustinuerunt
632 3613 683 3677 his
703 3613 921 3697 pugnantibus
942 3613 1035 3676 illum
1056 3614 1092 3677 in
1113 3629 1231 3693 equum

178 3717 309 3799 quidam
330 3737 373 3783 ex
395 3719 461 3782 suis
482 3718 604 3800 intulit3
626 3718 800 3803 fugientem
815 3718 914 3783 silvae
932 3722 1088 3785 texerunt
1133 3717 1179 3780 sie
1200 3720 1231 3779 et

177 3822 219 3886 ed
241 3822 444 3889 subeundum
465 3823 642 3908 periculum
665 3829 697 3888 et
719 3824 759 3888 ad
776 3824 941 3888 vitandum
956 3825 1092 3889 multum
1105 3823 1232 3886 fortuna

123 3934 157 3992 81
178 3927 287 3992 valuit
330 3928 500 3993 Ambiorix
522 3930 628 4014 copias
655 3949 729 3994 suas
755 3929 916 3994 iudicione
942 3949 1008 3994 non
1035 3927 1233 4009 conduxerit,
