2738 4424
370 239 474 295 UBER
491 241 526 296 H.
545 241 619 298 CAP.
638 243 763 298 33-111.
781 244 856 300 OAP.
876 245 901 300 2
1116 232 1159 296 49

430 552 466 620 0.
488 555 606 622 IULII
628 555 846 623 CAESARIS

390 695 577 772 BELLI
621 697 886 777 GALLIOI

499 852 606 905 smne
622 852 775 908 unumne.

204 1023 282 1089 Oum
308 1026 342 1088 in
368 1025 491 1090 ltaliam
516 1025 764 1108 proficisceretur
786 1026 913 1111 Caesar,
940 1029 1193 1096 Ser.Galbam1

114 1150 188 1196 cum
209 1131 333 1214 legione
354 1129 429 1194 XII.
457 1135 488 1194 et
508 1134 595 1214 parte
618 1133 775 1212 equitatus
796 1133 831 1195 in
852 1133 1038 1218 Nantuates,
1061 1135 1159 1201 Vera·

112 1254 187 1319 gros
209 1222 414 1318 Sedunosque
436 1236 534 1319 misit,
557 1236 613 1316 qui
635 1235 791 1300 afinibus
805 1237 1012 1322 Allobrogum
1034 1244 1066 1304 et
1086 1241 1158 1304 lacu

114 1339 274 1405 Lemanno
297 1344 330 1405 et
342 1339 473 1404 flumine
495 1340 646 1404 Rhodano
665 1341 705 1404 ad
719 1359 856 1405 summas
873 1342 971 1427 Alpes
992 1346 1157 1427 pertinent

114 1463 209 1510 causa
238 1445 384 1510 mittendi
413 1443 486 1527 fuit,
519 1444 602 1527 quod
624 1446 698 1523 ,iter
728 1465 784 1530 per
817 1446 919 1530 Alpes,
951 1467 1012 1530 quo
1043 1468 1186 1533 magnos

113 1569 187 1614 cum
208 1550 348 1634 periculo
370 1551 554 1634 magnisque
570 1569 642 1613 cum
664 1552 808 1633 portoriis
823 1558 1010 1617 mercatores
1023 1554 1070 1619 ire
1085 1573 1158 1619 con-

112 1659 251 1736 suerant,
272 1653 412 1738 patefieri
434 1654 567 1720 volebat.
609 1655 683 1718 huic
704 1657 858 1739 permisit,
880 1658 908 1720 si
930 1676 1008 1740 opus
1026 1677 1094 1722 esse
1110 1679 1184 1723 ara

113 1758 294 1843 bitraretur,
315 1760 364 1823 uti
385 1760 420 1823 in
439 1759 489 1823 his
509 1759 587 1823 locis
609 1760 765 1844 legionem
786 1760 946 1824 hiemandi
968 1780 1063 1826 causa
1084 1782 1157 1826 oon·

112 1865 236 1930 locaret
282 1864 380 1928 Galba
411 1863 557 1928 secundis
588 1864 708 1946 aliquot
737 1865 863 1947 proeliis
893 1865 982 1928 factis
1009 1867 1184 1931 castellis-4

111 1987 176 2051 que
198 1968 411 2052 compluribus
433 1987 543 2032 eorum
565 1969 763 2052 expugnatis,
784 1970 888 2032 missis
911 1967 949 2031 ad
972 1987 1045 2032 eum
1065 1971 1158 2032 undi-

111 2093 176 2157 que
206 2074 317 2158 legatis
348 2073 572 2154 obsidibusque
605 2073 684 2136 datis
716 2077 748 2136 et
776 2091 852 2155 pace
883 2074 963 2136 facta
998 2075 1159 2138 constituit

110 2179 255 2244 cohortes
278 2179 356 2242 duas
377 2179 412 2241 in
432 2176 642 2242 Nantuatibus
664 2177 828 2240 conlocare
850 2180 882 2241 et
902 2179 970 2261 ipse
992 2196 1065 2241 oum
1085 2179 1158 2242 reli·

113 2285 183 2366 quis
206 2285 274 2348 eius
295 2284 427 2368 legionis
450 2280 629 2346 cohortibus
651 2281 685 2344 in
699 2281 770 2344 vico
785 2281 1010 2365 Veragrorum,
1033 2282 1088 2364 qui
1105 2303 1157 2366 ap·

112 2389 246 2471 pellatur
272 2388 462 2469 Octodurus,
488 2387 641 2466 hiemare;
670 2385 727 2468 qui
752 2386 842 2449 vicus
868 2386 988 2469 positus
1014 2390 1049 2449 in
1074 2388 1184 2451 valles

113 2512 178 2556 non
203 2513 317 2576 magna
342 2493 461 2558 adiecta
487 2492 616 2575 planitie
643 2491 801 2554 altissimis
827 2489 986 2555 montibus
1016 2492 1156 2575 undique

114 2598 299 2661 continetur.
343 2616 416 2661 cum
437 2598 489 2661 bio
514 2598 549 2660 iu
576 2596 655 2659 duas
680 2601 783 2678 partes
806 2595 935 2659 flumine
957 2597 1184 2680 divideremus

112 2701 243 2766 alteram
264 2705 383 2784 partem
410 2703 478 2766 eius
505 2701 566 2764 vici
590 2700 688 2764 Gallis
715 2699 767 2784 [ad
788 2700 1002 2786 biemandum]
1030 2720 1157 2766 conoes-

112 2806 168 2890 sit,
199 2806 327 2870 alteram
357 2825 490 2869 vacuam
525 2804 564 2868 ab
600 2806 649 2869 his
685 2805 825 2869 relictam
860 2806 1040 2870 cohortibus
1071 2808 1157 2870 attri-
1193 2815 1195 2819 ’

114 2909 193 2974 buit
237 2930 312 2976 eum
332 2911 436 2975 locum
457 2911 539 2973 vallo
566 2910 710 2991 fossaque
732 2911 877 2973 munivit
922 2909 1000 2973 Oum
1023 2911 1089 2975 dies
1111 2912 1192 2976 iri-2

116 3014 286 3078 bernerum
312 3014 486 3098 complures
513 3015 697 3078 transissent
722 3014 974 3094 frumentumque
1005 3033 1041 3077 eo
1074 3033 1157 3077 com-

115 3120 232 3203 portari
253 3120 405 3200 iussisset,
427 3118 530 3182 subito
552 3137 608 3200 per
629 3117 841 3200 exploratores
856 3117 969 3180 certior
990 3117 1089 3181 factus
1111 3122 1159 3180 est

117 3244 159 3289 ex
180 3244 218 3290 ea
238 3228 326 3307 parte
348 3224 423 3304 vici,
450 3242 543 3304 quam
571 3221 668 3285 Gallis
696 3225 903 3302 concesserat,
931 3239 1039 3284 ommes
1060 3226 1158 3285 noctu

114 3329 295 3393 discessisse
318 3337 515 3409 montesque,
542 3327 596 3408 qui
622 3325 850 3408 impenderent,
876 3326 1053 3387 amaxima
1078 3325 1158 3388 mul-

115 3435 251 3499 titudine
272 3432 471 3497 Sedunorum
493 3435 524 3495 et
541 3429 752 3512 Veragrorum
774 3429 881 3492 teneri.
925 3429 958 3491 id
979 3429 1099 3510 aliquot
1120 3430 1186 3495 dea

114 3540 221 3603 causis
243 3537 407 3620 acciderat,
433 3541 470 3599 ut
491 3534 592 3599 subito
617 3533 698 3596 Galli
719 3532 794 3597 belli
818 3533 991 3596 renovandi
1012 3533 1159 3617 legionis-

117 3662 181 3727 que
197 3640 416 3727 opprimendae
432 3639 597 3703 oonsilium
612 3644 769 3721 caperent:
793 3638 941 3720 primum,
965 3638 1048 3719 quod
1064 3639 1186 3721 legio-a

117 3767 194 3812 nem
208 3766 311 3829 neque
326 3765 395 3810 eam
408 3746 620 3829 plenissimam
636 3742 780 3806 detractis
795 3741 972 3806 cohortibus
993 3743 1114 3806 duabus
1130 3753 1160 3807 et

116 3851 332 3936 compluribus
347 3849 535 3932 singillatim,
550 3848 607 3930 qui
621 3852 810 3911 commeatus
824 3846 952 3929 petendi
967 3866 1059 3911 causa
1073 3850 1160 3912 missi

164 3971 253 4025 cumr,
268 3971 293 4014 B.
307 3970 363 4013 Gall.
988 3967 1005 4018 4
