2738 4424
460 274 568 329 LIBER
585 273 660 329 VIII.
679 273 754 330 onP.
774 273 896 330 36-40.
1144 257 1206 320 197

155 435 298 500 omnium
320 454 396 500 cura
420 437 580 518 quaesitus
605 437 642 500 in
665 441 766 500 castra
790 434 983 519 perducitur.
1028 434 1151 518 cogitur
1173 433 1235 500 ins

155 542 224 605 eius
256 541 447 625 supplicium
481 545 589 606 contra
619 546 766 605 naturam
800 561 890 606 suam
922 539 1036 605 (laesor
1068 540 1208 604 maximo

154 647 292 710 militum
319 666 488 731 concursu,
521 647 576 730 qni
603 648 632 711 ei
659 648 766 711 omnia
791 646 933 730 pericula
962 649 994 710 et
1020 644 1209 709 detrimenta

155 752 231 817 belli
257 758 384 837 accepta
405 752 594 832 referebant,
621 754 700 818 adeo
727 757 763 816 ut
784 751 969 817 verberibus
995 751 1209 815 exanimatum

154 877 269 942 corpus
292 860 397 923 securi
418 859 572 924 feriretur.

242 963 292 1028 Ibi
307 965 426 1030 crebris
439 964 553 1028 litteris
569 963 693 1028 Caninii
707 963 745 1028 fit
758 965 885 1046 certior,
901 983 982 1046 quae
997 963 1037 1028 de
1051 960 1208 1047 Drappete
1224 978 1261 1037 aa

155 1075 187 1135 et
204 1070 350 1135 Lucterio
373 1075 462 1154 gesta
488 1074 594 1135 essent
621 1088 748 1154 quoque
774 1071 809 1133 in
832 1069 964 1134 consilio
987 1073 1210 1153 permanerent

155 1177 314 1260 oppidani.
360 1196 496 1260 quorum
528 1177 586 1241 etsi
617 1177 808 1260 panattatem
839 1175 1071 1258 contemnebat,
1101 1179 1235 1244 tamena

153 1283 360 1366 pertinaciam
381 1301 496 1366 magna
517 1300 620 1366 poena
646 1300 714 1346 esse
741 1281 949 1345 adficiendam
969 1281 1140 1365 iudicabat,
1166 1298 1208 1345 ne

153 1389 303 1453 universa
330 1387 432 1452 Gallia
462 1406 527 1451 non
554 1387 616 1451 sibi
642 1389 726 1451 vires
755 1387 891 1453 definisse
923 1387 963 1450 ad
993 1385 1209 1452 resistendum

153 1493 316 1575 Romania,
339 1493 397 1558 sed
419 1496 629 1558 constantiam
646 1497 783 1578 putaret,
805 1513 886 1559 neve
908 1494 969 1556 hoc
992 1493 1138 1577 exemplo
1158 1511 1208 1558 ce-

153 1603 238 1664 terae
262 1600 405 1663 civitates
426 1599 570 1664 locorum
593 1600 803 1683 oportunitate
829 1599 926 1664 fretae
953 1617 987 1663 se
1009 1599 1210 1664 vindicarent

152 1704 187 1767 in
209 1704 399 1788 libertatem,
422 1724 495 1769 curn
516 1705 661 1770 omnibus
678 1704 776 1769 Gallis
798 1711 910 1769 notum
933 1723 1001 1769 esse
1019 1705 1115 1769 sciret
1136 1704 1234 1770 reli-a

154 1830 250 1894 quarn
272 1829 341 1876 esse
362 1829 460 1874 unam
479 1815 629 1875 aestatem
652 1830 728 1875 suae
743 1811 937 1895 provinciae,
961 1829 1056 1892 quam
1071 1812 1100 1874 si
1114 1811 1208 1875 susti·

152 1935 229 1982 nere
244 1917 428 2000 potuissent,
444 1916 568 1979 nullum
582 1916 667 1979 ultra
680 1916 858 2001 periculum
873 1920 1066 1981 vererentur.
1100 1917 1234 1998 itaquea

154 2019 189 2098 Q.
205 2020 358 2087 Calenum
379 2022 520 2106 legatum
542 2042 615 2086 cum
638 2023 816 2107 legionibus
839 2023 963 2086 duabus
984 2023 1125 2105 reliquit,
1151 2023 1208 2104 qui

152 2129 244 2193 iustis
261 2128 429 2193 itineribus
442 2147 476 2193 se
495 2128 753 2210 subsequeretu13
772 2130 840 2213 ipse
858 2148 932 2192 cum
952 2130 1039 2193 omni
1057 2129 1208 2211 equitati,

154 2254 249 2317 quam
270 2239 374 2319 potest
395 2234 570 2316 celerrime,
598 2235 638 2298 ad
661 2233 829 2299 Caninium
856 2234 1025 2298 contendit
1071 2232 1206 2318 [Caesar]
1224 2249 1261 2306 ιο

153 2359 227 2404 oum
249 2345 358 2404 contra
380 2341 631 2424 expectationem
654 2341 798 2404 omnium
813 2339 1053 2404 Uxellodunum
1068 2341 1208 2404 venisset

154 2446 368 2531 oppidumque
397 2445 544 2530 operibus
572 2446 715 2511 clausum
743 2446 1006 2511 animadverteret
1035 2464 1140 2527 neque
1167 2445 1206 2510 ab

154 2553 385 2638 oppugnatione
407 2551 513 2617 recedi
530 2551 653 2616 videret
674 2552 739 2615 ulla
757 2552 944 2617 condicione
965 2571 1070 2636 posse,
1093 2570 1209 2635 magna

154 2666 259 2724 autem
291 2659 382 2743 copia
411 2658 562 2722 frumenti
595 2658 757 2722 abundare
792 2658 965 2742 oppidanos
997 2678 1039 2724 ex
1069 2657 1208 2743 perfugis

154 2769 333 2846 cognosset,
356 2784 439 2846 aqua
452 2765 621 2848 prohibere
636 2764 760 2828 hostem
774 2768 926 2847 temptare
940 2765 1051 2847 coepit
1088 2762 1235 2832 flumana

154 2869 296 2933 infimam
314 2871 430 2935 vallem
447 2870 620 2953 dividebat,
643 2889 724 2952 quae
747 2874 849 2934 totum
866 2888 967 2952 paene
984 2874 1124 2934 montem
1142 2870 1208 2933 cin·

153 2975 259 3059 gebat,
281 2975 316 3038 in
339 2994 401 3057 quo
424 2977 562 3060 positum
585 2981 652 3041 erat
673 2979 877 3060 praeruptum
896 2975 1040 3058 undique
1059 2975 1209 3058 oppidum

154 3080 403 3146 Uxellodunum.
459 3081 579 3144 flumen
608 3087 750 3146 avertere
777 3082 839 3145 loci
868 3087 981 3144 natura
1009 3080 1235 3164 prohibebat3a

154 3189 189 3251 in
212 3187 329 3251 infimIs
353 3187 437 3250 enim
459 3188 505 3250 sic
527 3187 688 3251 radicibus
710 3189 827 3251 montis
845 3187 1015 3269 ferebatin,
1037 3191 1075 3249 ut
1088 3186 1209 3250 nullam

154 3295 189 3358 in
220 3298 340 3377 partem
372 3291 526 3376 depressis
556 3292 648 3356 fossis
680 3292 817 3356 derivari
848 3296 960 3376 posset
1006 3296 1073 3356 erat
1103 3297 1236 3360 autema

155 3399 321 3484 oppidanis
345 3397 480 3462 difficilis
508 3402 539 3461 et
565 3404 752 3482 praeruptus
775 3416 812 3462 eo
836 3396 1019 3481 descensuS,
1044 3402 1082 3461 ut
1103 3398 1209 3482 prohi-

155 3505 303 3571 bentibus
324 3505 442 3569 nostris
469 3505 538 3568 sine
560 3503 747 3568 vulneribus
774 3523 811 3567 ac
832 3504 973 3587 periculo
996 3504 1079 3568 vitae
1105 3524 1210 3587 neque

155 3612 242 3676 adire
268 3611 388 3675 flumen
418 3628 522 3692 neque
550 3609 648 3673 arduo
680 3629 714 3674 se
741 3610 883 3693 recipere
913 3596 1042 3693 possent
1068 3629 1209 3675 ascensu

156 3738 219 3801 qua
241 3716 427 3781 difficultate
450 3734 560 3780 eorum
583 3716 710 3797 cognita
726 3713 838 3780 Caesar
860 3716 1028 3798 sagittariis
1043 3715 1236 3784 funditoris

154 3825 278 3907 busque
302 3822 474 3906 dispositio,
496 3821 661 3885 tormentis
684 3822 779 3885 etiam
797 3821 988 3904 quibusdam
1006 3821 1085 3885 locta
1102 3828 1211 3886 contm

153 3931 323 3995 facillimos
351 3929 521 3993 descensus
548 3927 720 3990 conlocatis
747 3946 830 4008 aqua
857 3926 1000 3992 fluminis
1025 3927 1211 4012 prohibebat
