2738 4424
326 236 328 240 ’
457 254 564 310 urana
581 254 631 309 111.
650 254 725 310 car.
745 253 858 310 21-26.
1143 237 1184 302 61

131 418 185 483 ubi
208 437 318 482 omnes
340 417 427 482 idem
449 417 566 482 sentire
588 415 758 499 intellexit,
780 419 943 500 posterum
957 415 1042 479 diem
1060 433 1185 499 pugnae

129 524 299 589 constituit
344 524 452 589 Prima
478 524 551 588 luce
577 518 739 607 productis
766 523 913 586 omnibus
940 521 1038 606 copiis
1065 521 1185 604 duplici
1202 527 1238 584 24

130 630 197 694 acie
224 630 379 712 instituta,
411 630 539 693 auxiliis
561 629 596 692 in
623 628 760 693 mediam
787 629 888 693 aciem
914 628 1078 712 coniectis,
1107 626 1185 710 quid

129 737 235 800 hostes
253 736 377 800 consilii
392 739 551 819 caperent,
573 734 767 818 expectabat
803 734 863 817 illi,
886 735 945 799 etsi
963 737 1089 818 propter
1103 733 1210 800 mul-a

130 842 298 907 titudinem
320 846 353 907 et
372 847 514 906 veterem
536 840 613 906 belli
635 841 768 924 gloriam
789 841 1044 924 paucitatemque
1061 843 1183 904 nostro-

128 967 202 1011 rum
224 966 258 1012 se
281 951 349 1011 tuto
372 946 576 1012 dimicaturos
599 946 837 1029 existimabant,
864 951 970 1010 tamen
992 946 1091 1010 tutius
1115 963 1183 1010 esse

128 1053 364 1117 arbitrabantur
386 1053 520 1118 obsessis
543 1053 603 1117 viis
627 1057 805 1118 commeatu
826 1052 998 1117 intercluso
1021 1052 1091 1116 sine
1113 1052 1182 1115 vul-

128 1177 204 1224 nere
226 1160 360 1224 viotoria
380 1160 487 1244 potiri,
515 1162 547 1224 et
573 1160 600 1223 si
622 1163 750 1242 propter
771 1159 910 1242 inopiam
937 1160 985 1223 rei
1011 1157 1210 1223 frumenta-e

127 1265 195 1330 riae
217 1264 354 1330 Romani
376 1285 445 1331 sese
460 1265 598 1348 recipere
613 1266 802 1349 coepissent,
825 1265 993 1349 impeditos
1008 1265 1040 1327 in
1058 1266 1182 1348 agmine

128 1375 160 1436 et
181 1371 241 1436 sub
265 1371 397 1437 sarcinis
419 1369 608 1436 infirmiores
631 1373 736 1434 animo
760 1372 876 1435 adoriri
898 1371 1085 1456 cogitabant
1124 1372 1209 1435 hoca

128 1477 259 1542 consilio
281 1477 412 1561 probato
439 1477 478 1542 ab
503 1477 638 1542 ducibus
660 1478 820 1561 productis
842 1476 1058 1542 Romanorum
1084 1478 1182 1560 copiis

126 1601 196 1649 sese
219 1584 329 1648 castris
352 1583 510 1648 tenebant
555 1584 614 1648 hac
636 1603 671 1648 re
691 1589 853 1668 perspecta
868 1584 1012 1666 Crassus,
1036 1603 1109 1647 cum
1125 1603 1208 1648 suas

127 1691 327 1755 cunctatione
355 1694 450 1773 atque
474 1689 622 1773 opinione
645 1691 767 1754 timoris
790 1691 897 1755 hostes
918 1695 1042 1754 nostros
1064 1690 1182 1754 milites

126 1795 293 1860 alacriores
316 1794 357 1859 ad
378 1795 585 1880 pugnandum
608 1795 784 1860 effecissent
806 1800 901 1878 atque
924 1799 1066 1860 omnium
1088 1815 1181 1861 voces

126 1902 314 1966 audirentur
336 1902 495 1985 expectari
518 1901 636 1965 diutius
659 1921 723 1965 non
747 1906 903 1985 oportere,
927 1903 1007 1985 quin
1025 1901 1065 1965 ad
1080 1907 1182 1966 castra

125 2008 238 2090 iretur,
266 2008 445 2071 cohortatus
472 2026 547 2072 suos
575 2008 721 2071 omnibus
748 2008 948 2092 cupientibus
976 2006 1016 2071 ad
1042 2008 1181 2071 hostimn

125 2117 227 2178 castra
248 2114 418 2178 contendit
463 2113 514 2177 lbi
530 2133 603 2177 cum
619 2113 672 2176 alii
687 2114 786 2177 fossas
801 2113 1007 2196 complerent,
1030 2113 1084 2177 alii
1099 2114 1180 2176 mul·
1198 2127 1234 2183 25

124 2220 164 2284 tis
187 2220 257 2284 telis
281 2220 429 2284 coniectis
453 2219 633 2284 defensores
654 2219 737 2283 vallo
760 2219 1054 2302 munitionibusque
1073 2220 1178 2303 depel-

123 2326 226 2391 lerent
247 2326 494 2409 auxiliaresque,
518 2325 635 2408 quibus
650 2326 689 2389 ad
700 2345 840 2410 pugnam
855 2344 918 2389 non
935 2324 1071 2388 multum
1088 2324 1176 2390 Cras·

60 2507 64 2513 Ι
123 2451 177 2496 sus
205 2431 395 2515 confidebat,
426 2430 584 2514 lapidibus
611 2431 745 2515 telisque
773 2431 1050 2495 subministrandis
1078 2437 1109 2496 et
1136 2433 1176 2496 ad

123 2557 270 2622 aggerem
285 2538 474 2620 caespitibus
489 2538 720 2621 comportandis
731 2539 869 2622 speciem
884 2543 979 2621 atque
995 2538 1176 2622 opinionem

121 2645 332 2729 pugnantium
354 2643 553 2727 praeberent,
576 2663 648 2707 cum
671 2645 747 2709 item
770 2645 809 2709 ab
831 2645 975 2709 hostibus
998 2651 1177 2709 constanter

122 2769 159 2814 ac
181 2769 247 2814 non
269 2749 378 2814 timide
393 2754 586 2832 pugnaretur
605 2750 730 2831 telaque
753 2768 795 2815 ex
809 2751 879 2815 loco
894 2751 1057 2835 superiore
1080 2753 1176 2815 missa

121 2875 187 2920 non
208 2855 324 2919 frustra
346 2856 535 2938 acciderent,
563 2857 685 2938 equites
708 2857 881 2921 circumitis
904 2857 1042 2921 hostium
1066 2859 1202 2922 castriso

122 2961 234 3027 Crasso
256 2962 518 3026 renuntiavenmt
543 2981 609 3026 non
636 2962 747 3026 eadem
769 2982 837 3028 esse
865 2963 1029 3047 diligentia
1054 2964 1093 3027 ab
1122 2964 1175 3028 de-

122 3086 256 3132 cumana
281 3072 371 3151 porta
397 3073 499 3131 castra
525 3069 648 3132 munita
679 3069 866 3153 facilemque
898 3070 1020 3133 aditum
1052 3070 1173 3133 habere.

122 3172 253 3238 Crassus
281 3173 423 3254 equitum
451 3174 622 3256 praefectos
649 3174 841 3258 cohortatus,
872 3181 909 3238 ut
935 3176 1059 3259 magnis
1085 3195 1174 3258 prae·
1192 3195 1228 3251 qq

121 3279 193 3342 miis
215 3279 556 3362 pollicitationibusque
579 3299 653 3343 suos
677 3282 864 3365 excitarent,
888 3282 965 3364 quid
984 3281 1052 3346 fieri
1071 3281 1174 3364 vellet,

121 3385 266 3449 ostendit
311 3385 369 3469 illi,
392 3391 428 3449 ut
450 3391 516 3448 erat
538 3387 739 3469 imperatum,
764 3387 900 3451 devectis
924 3389 962 3452 iis
985 3387 1201 3470 cohortibus,2

122 3509 204 3573 quae
226 3490 381 3575 praesidio
402 3492 514 3554 ¹castris
537 3491 664 3555 relictae
687 3493 812 3557 intritae
835 3493 873 3556 ab
897 3494 1004 3557 labore
1020 3499 1120 3576 erant,
1143 3500 1175 3558 et

121 3597 263 3681 longiore
285 3598 398 3662 itinere
421 3598 656 3679 circumductis,
680 3617 720 3662 ne
743 3618 784 3662 ex
807 3600 945 3663 hostiurn
968 3600 1077 3664 castris
1100 3620 1173 3665 con-

122 3703 200 3785 spici
230 3707 371 3786 possent,
404 3704 546 3766 omnium
578 3704 678 3768 oculis
711 3705 930 3788 mentibusque
963 3708 1002 3770 ad
1034 3728 1174 3791 pugnam

121 3809 252 3874 intentis
275 3808 419 3900 celeriter
442 3809 562 3891 adeas,
586 3829 664 3892 quas
681 3810 832 3894 diximus,
856 3813 1049 3876 munitiones
1064 3833 1174 3898 perve-

121 3918 240 3978 nerunt
261 3918 356 3997 atque
380 3914 429 3978 his
451 3917 587 3999 prorutis
611 3917 697 4000 prius
721 3919 754 3981 in
776 3918 911 3981 hostium
933 3921 1043 3983 castris
1059 3922 1201 3987 consti-s
