2738 4424
167 209 187 272 2
563 226 668 281 BELLI
691 226 831 282 emmor

130 391 149 445 ‘3
254 385 351 469 Apud
369 386 533 452 Helvetios
555 388 649 472 longe
671 389 887 453 nobilissimus
908 388 970 453 fuit
996 392 1027 453 et
1049 387 1224 452 ditissimus

167 489 343 575 Orgetorix,
385 495 413 557 is
428 493 471 558 Μ.
486 493 634 576 Messala,
658 492 711 579 [et]
727 494 769 558 Μ.
785 493 903 559 Pisone
926 494 1111 558 oonsulibus
1133 494 1224 577 regni

166 597 337 680 eupiditate
359 598 508 663 inductus
532 601 782 664 coniurationem
804 599 978 663 nobilitatis
999 600 1074 665 feeit
1096 603 1128 664 et
1148 600 1224 663 eivi-

165 703 223 766 tati
245 705 413 789 persuasit,
436 709 473 768 ut
495 706 535 770 de
552 705 670 769 finibus
693 706 759 769 suis
782 725 854 769 oum
875 706 1021 770 omnibus
1040 706 1137 789 copiis
1155 706 1224 770 exi·

140 815 251 874 arent:
288 810 436 893 perfacile
468 829 550 894 esse,
587 828 660 874 oum
690 811 809 875 virtute
841 811 988 876 omnibus
1019 815 1223 895 praestarent,

139 917 262 978 etotius
285 915 404 980 Galliae
430 916 562 1000 imperio
588 918 691 1001 potiri.
735 917 771 981 id
796 918 857 981 hoo
882 917 1006 981 facilius
1033 917 1073 981 iis
1095 936 1224 1001 persua·

166 1020 219 1103 sit,
247 1021 333 1103 quod
358 1021 500 1105 undique
527 1022 590 1086 looi
615 1027 730 1086 natura
751 1023 893 1088 Helvetii
915 1024 1129 1087 eontinentur:
1158 1042 1224 1086 una

166 1143 208 1191 ex
238 1131 326 1211 parte
357 1127 490 1193 flumine
516 1128 627 1192 Rheno
658 1129 812 1193 latissimo
845 1133 939 1211 atque
971 1130 1135 1213 altissimo,
1167 1130 1224 1212 qni

166 1251 277 1317 agrum
308 1232 492 1297 Helvetium
523 1254 542 1297 a
576 1233 740 1298 Germanis
773 1235 898 1318 dividit,
931 1235 1030 1299 altera
1062 1254 1103 1299 ex
1133 1241 1223 1318 parte

164 1343 272 1403 monte
298 1338 374 1402 Iura
401 1339 565 1425 altissimo,
594 1341 649 1423 qui
676 1345 724 1404 est
749 1342 833 1405 inter
860 1339 1024 1423 Sequanos
1051 1345 1083 1405 et
1104 1340 1223 1405 Helve-

165 1445 239 1527 tios,
266 1445 360 1507 tertia
381 1444 454 1508 laou
475 1444 638 1510 Lemanno
666 1451 698 1511 et
723 1445 857 1511 flmnine
879 1446 1046 1529 Rhodano,
1071 1447 1127 1530 qni
1149 1466 1223 1530 pro·

137 1550 302 1613 rvinoiam
320 1555 460 1614 nostram
478 1551 517 1614 ab
533 1552 688 1616 Helvetiis
711 1553 833 1616 dividit.
866 1553 916 1616 his
938 1553 1034 1617 rebus
1056 1551 1163 1634 fiebat,
1186 1557 1223 1617 ut

164 1660 197 1720 et
225 1656 333 1719 minus
364 1655 426 1721 late
456 1663 647 1740 vagarentur
673 1663 705 1722 et
729 1659 838 1721 minus
864 1658 956 1723 faoile
982 1657 1129 1722 finitimis
1155 1657 1222 1723 bel-

163 1761 231 1824 lum
257 1761 374 1826 inferre
400 1767 542 1845 possent;
572 1782 635 1845 qua
662 1769 814 1847 exparte
836 1764 983 1829 homines
1005 1763 1144 1829 bellandi
1167 1784 1222 1828 ou-

137 1868 229 1952 spidi
255 1887 370 1952 magno
398 1869 505 1933 dolore
529 1868 764 1934 adliciebantur.
809 1890 866 1954 pro
889 1870 1092 1935 multitudine
1116 1875 1222 1935 autern

162 1974 326 2038 hominum
358 1978 390 2038 et
415 1994 472 2057 pro
499 1974 600 2058 gloria
626 1975 701 2040 belli
729 1981 823 2058 atque
849 1977 1044 2041 fortitudinis
1072 1982 1221 2060 angustos

163 2098 197 2145 se
227 2080 308 2146 fines
334 2081 450 2145 habere
478 2080 723 2165 arbitrabantur,
756 2084 810 2165 qui
838 2084 872 2144 in
899 2083 1130 2165 longitudinem
1161 2084 1220 2145 mi-

162 2186 205 2250 lia
236 2205 387 2270 passuum
419 2186 540 2270 CCXL,
574 2188 609 2251 in
644 2188 844 2252 latitudinem
877 2187 1028 2251 CLXXX
1062 2179 1219 2270 patebant.

126 2304 145 2358 3
163 2292 223 2356 His
244 2293 341 2358 rebus
364 2293 492 2358 adducti
515 2299 547 2358 et
569 2296 752 2359 auctoritate
775 2293 967 2377 Orgetorigis
988 2293 1122 2375 permoti
1145 2312 1219 2356 oon-

162 2399 333 2462 stituerrmt
361 2418 409 2482 ea,
438 2418 518 2481 quae
545 2400 586 2463 ad
612 2399 875 2484 proficiscendum
900 2398 1106 2483 pertinerent,
1134 2418 1219 2462 oom-

160 2524 284 2588 parare,
311 2507 526 2569 iumentorum
553 2511 585 2570 et
608 2526 768 2570 carrorum
793 2525 887 2588 quam
909 2505 1085 2583 maximum
1107 2524 1220 2568 nume-

160 2629 233 2674 mm
256 2615 411 2693 coemere,
439 2615 596 2675 sementes
620 2630 714 2692 quam
736 2612 890 2674 maximas
912 2610 1030 2694 faeere,
1053 2616 1090 2674 ut
1111 2612 1145 2674 in
1168 2612 1219 2674 iti·

160 2734 237 2779 nere
265 2717 354 2799 eopia
375 2716 525 2780 frumenti
548 2721 738 2799 suppeteret,
766 2736 840 2781 oum
861 2717 1017 2800 proximis
1040 2717 1219 2781 civitatibus

135 2841 149 2883 2
161 2840 271 2904 paoem
299 2826 330 2884 et
357 2822 527 2885 amicitiam
554 2822 749 2887 confirmare.
794 2823 834 2886 ad
857 2842 911 2887 eas
933 2841 984 2887 res
1007 2821 1219 2887 conficiendas

162 2927 328 2991 biennium
345 2927 407 2991 sibi
425 2929 500 2992 satis
518 2946 587 2992 esse
607 2928 780 3010 duxerunt;
804 2930 986 2993 intertium
1007 2948 1126 2991 annum
1147 2948 1219 3012 pro-

134 3053 149 3096 a
162 3035 330 3098 fertionem
343 3035 411 3118 lego
427 3033 620 3098 confirmant.
653 3033 705 3117 [ad
719 3053 772 3098 eas
786 3054 836 3099 res
850 3033 1072 3119 conficiendas]
1088 3033 1219 3118 Orgeto-

161 3141 214 3204 rix
234 3139 301 3203 dux
325 3141 480 3223 deligitur.
516 3141 545 3203 is
571 3138 654 3225 [sibi]
679 3141 866 3224 legationem
889 3141 930 3203 ad
953 3140 1097 3204 civitates
1119 3142 1219 3204 susei-

135 3248 215 3329 rpit
252 3247 288 3309 in
310 3264 347 3309 eo
365 3247 476 3310 itinere
493 3245 661 3330 persuadet
678 3245 812 3324 Castico,
836 3245 1118 3310 Catamantaloedis
1141 3245 1220 3330 filio,

163 3349 322 3434 Sequano,
350 3353 441 3415 euius
467 3358 555 3435 pater
581 3371 715 3436 regnum
742 3353 777 3414 in
800 3349 956 3434 Sequanis
978 3352 1095 3415 multos
1120 3372 1220 3415 annos

164 3457 343 3521 obtinuerat
369 3462 401 3521 et
427 3479 445 3520 a
472 3465 584 3522 senatu
606 3459 715 3541 populi
738 3456 875 3520 Romani
902 3459 1022 3522 amicus
1045 3459 1220 3541 appellatus

163 3568 242 3644 erat,
264 3568 300 3626 ut
314 3583 448 3647 regnum
464 3565 497 3626 in
513 3565 640 3628 civitate
659 3584 717 3627 sua
732 3569 912 3648 oocuparet,
935 3564 1020 3646 quod
1035 3569 1124 3647 pater
1146 3568 1221 3626 ante

129 3689 149 3731 o
162 3668 320 3750 habuerit3
340 3670 480 3751 itemque
499 3667 689 3753 Dumnorigi
704 3669 852 3754 Haeduo,
868 3670 957 3733 fratri
971 3668 1143 3750 Diviciaci,
1164 3668 1220 3749 qui

164 3795 201 3840 eo
228 3779 367 3858 tempore
389 3775 603 3858 principatum
624 3776 660 3839 in
683 3776 808 3839 civitate
832 3774 993 3839 obtinebat
1016 3794 1053 3838 ae
1079 3774 1221 3836 maxime

163 3881 246 3964 plebi
270 3886 417 3965 aceeptus
445 3885 523 3964 erat,
554 3887 592 3945 ut
613 3881 699 3945 idem
727 3887 905 3966 conaretur,
932 3880 1101 3965 persuadet
1127 3881 1223 3961 eique
