2738 4424
165 203 208 268 64
560 217 821 274 nnumcmmcr

138 381 239 443 asunt
261 376 294 440 in
315 378 550 458 venationibus
575 396 655 460 quae
677 395 728 441 res
747 381 779 441 et
793 375 856 440 cibi
868 392 983 460 genere
997 377 1030 437 et
1051 370 1208 436 cotidiana

165 483 386 546 exercitatione
409 487 439 547 et
454 482 594 546 libertate
610 481 705 563 vitae,
729 481 814 564 quod
836 479 980 564 spheris
1001 477 1088 540 nullo
1104 474 1206 538 officio

165 591 220 650 aut
242 585 407 669 disciplina
428 585 598 649 adsuefacti
625 578 853 649 nihilomnino
880 588 990 667 contra
1015 581 1207 644 voluntatem

165 689 295 773 faciunt,
318 694 350 755 ct
371 691 453 754 vires
476 690 531 752 alit
552 694 584 754 et
596 690 727 752 immani
741 707 905 772 corporum
921 685 1138 770 magnitudine
1152 684 1208 747 ho-

126 819 153 862 ιο
167 795 267 859 mines
293 794 396 859 efficit
444 799 538 877 atque
565 794 598 856 in
625 813 694 858 eam
721 811 755 858 se
783 791 1043 858 consuetudinem
1070 790 1208 853 adduxe

165 902 254 981 runt,
276 904 312 962 ut
337 899 414 962 loeis
440 897 651 982 frigidissimis
677 915 779 979 neque
805 897 937 961 vestitus
962 899 1085 980 practer
1110 893 1208 976 pelles

166 1003 318 1068 haberent
345 1004 526 1086 quicquam,
554 1021 688 1085 quarum
713 1005 840 1085 propter
865 999 1071 1084 exiguitatem
1095 1017 1209 1082 magna

130 1125 149 1182 2
167 1113 214 1171 est
229 1107 367 1191 corporis
382 1127 454 1190 pars
469 1111 587 1190 aperta,
610 1111 641 1175 et
654 1105 836 1170 lavarentur
849 1105 883 1168 in
898 1102 1091 1167 fluminibus.
1126 1102 1209 1166 Mer-

167 1211 325 1276 catoribus
337 1215 385 1275 est
399 1210 502 1274 aditus
516 1211 616 1294 magis
631 1229 681 1293 eo,
703 1214 752 1291 ut,
774 1228 855 1292 quae
870 1208 952 1272 bello
968 1207 1117 1292 ceperint
1140 1207 1209 1290 qui-

165 1314 227 1378 bus
249 1316 399 1396 vendant,
421 1315 567 1397 habeant,
591 1334 685 1397 quam
707 1333 770 1397 quo
789 1313 888 1376 ullam
901 1332 970 1377 rem
984 1311 1023 1376 ad
1045 1330 1079 1376 se
1093 1311 1209 1396 impor-

140 1419 226 1492 atari
258 1419 443 1482 desiderent
498 1419 577 1501 quin
608 1419 702 1482 etiam
732 1418 894 1500 iumentis,
927 1416 1041 1500 quibus
1071 1416 1216 1480 maxime

168 1521 249 1587 Galli
265 1522 460 1586 delectantur
475 1541 618 1606 quaeque
632 1525 772 1606 impenso
786 1526 899 1606 parant
908 1522 1021 1606 pretio,
1037 1519 1208 1606 [Germani]

166 1627 340 1709 importatis
355 1645 419 1690 uon
434 1632 579 1710 utuntur,
594 1627 650 1692 sed
666 1646 746 1710 quae
761 1632 836 1691 suut
850 1627 934 1711 apud
949 1645 1002 1691 eos
1016 1631 1099 1709 nats,
1113 1645 1210 1711 parva

167 1735 261 1813 atquc
289 1730 451 1813 deformia,
478 1731 554 1795 haec
580 1732 738 1795 cotidiana
764 1733 1000 1815 exercitatione,
1031 1732 1148 1795 summi
1174 1735 1211 1794 ut

140 1837 231 1907 gsiut
248 1835 377 1918 laboris,
400 1835 547 1900 efficiunt
583 1836 779 1919 equestribus
801 1836 929 1920 proeliis
944 1855 1036 1920 saepe
1058 1855 1101 1901 ex
1119 1834 1210 1919 equis

168 1940 316 2003 desiliunt
339 1958 374 2002 ac
396 1940 530 2023 pedibus
552 1941 759 2024 proeliantur,
787 1959 947 2025 equosque
974 1941 1086 2006 eodem
1111 1959 1210 2005 rema-

166 2063 242 2108 nere
269 2045 399 2127 vestigio
427 2044 680 2129 adsuefecerunt,
711 2044 751 2109 ad
782 2065 861 2128 quos
891 2064 925 2110 se
951 2046 1106 2128 celeriter,
1137 2064 1210 2109 cum

140 2167 244 2219 susus
266 2153 325 2230 est,
347 2150 516 2233 recipiunt;
544 2169 648 2232 neque
670 2169 780 2214 eorum
807 2150 949 2215 moribus
975 2151 1097 2232 turpius
1123 2149 1210 2232 quio

140 2269 263 2332 squam
285 2257 340 2316 aut
360 2254 493 2318 inertius
514 2252 647 2318 habetur
670 2273 764 2338 quam
786 2255 940 2338 ephippiis
956 2255 1011 2318 uti
1048 2255 1155 2336 itaque
1170 2253 1210 2316 ad

169 2357 312 2438 quemvis
334 2376 502 2422 numerum
524 2359 774 2442 ephippiatorum
797 2361 939 2442 equitum
961 2359 1104 2442 quamvis
1117 2359 1209 2443 pauci
1278 2384 1280 2387 ’

141 2461 254 2531 sadirc
269 2462 393 2526 audent
426 2463 537 2526 vinum
549 2464 676 2526 omnino
692 2462 732 2527 ad
747 2483 781 2528 se
790 2465 952 2547 importari
965 2483 1031 2528 non
1041 2464 1211 2547 patiuntur,

169 2564 254 2647 quod
281 2583 318 2628 ea
343 2584 378 2630 re
404 2565 445 2629 ad
470 2566 610 2632 laborem
635 2567 797 2633 ferendum
823 2569 1037 2633 remollescere
1067 2569 1210 2632 homines

131 2672 263 2750 satque
294 2668 466 2733 effeminari
496 2670 695 2736 arbitrantur.
743 2672 874 2738 Publice
904 2674 1075 2736 maximam
1100 2677 1211 2757 putant

169 2790 237 2837 esse
259 2772 395 2854 laudem,
418 2793 512 2856 quam
533 2776 682 2841 latisshne
704 2797 723 2840 a
744 2778 811 2840 suis
832 2776 950 2841 finibus
971 2780 1083 2843 vacare
1105 2797 1208 2862 agros:

169 2876 226 2939 hac
248 2895 282 2940 re
305 2877 475 2961 significari
499 2899 646 2962 maguum
668 2901 834 2945 numerum
855 2883 1016 2946 civitatum
1032 2901 1123 2946 suam
1144 2883 1208 2945 vim

140 2982 321 3050 asustinere
342 3001 408 3046 non
430 3002 529 3066 posse.
575 2985 680 3066 itaque
703 3005 766 3049 una
788 3005 828 3050 ex
854 2991 942 3070 parte
969 3006 987 3050 a
1013 2985 1126 3052 Suebis
1152 2988 1209 3052 cir-

141 3087 246 3154 aciter
268 3087 355 3150 milia
376 3107 526 3170 passuum
549 3086 573 3151 C
595 3091 661 3172 agri
682 3109 794 3170 vacare
821 3091 976 3154 dicuntur.
1020 3093 1061 3155 ad
1082 3092 1207 3157 alteram

168 3195 288 3271 partem
310 3192 484 3256 succedunt
506 3191 593 3275 Ubii,
617 3211 751 3275 quorum
773 3193 834 3256 fuit
855 3195 965 3258 civitas
992 3195 1095 3279 ampla
1116 3201 1210 3280 atque

169 3292 296 3376 florens,
319 3298 355 3358 ut
376 3301 423 3360 est
445 3301 555 3379 captus
578 3295 817 3379 Germanorum3
844 3299 868 3361 ii
890 3299 997 3383 paulo,
1020 3320 1210 3385 quamquam

169 3401 244 3459 sunt
265 3399 405 3464 eiusdem
426 3403 564 3483 generis,
587 3408 661 3466 sunt
682 3404 793 3467 ceteris
814 3403 1026 3488 humaniores,
1048 3411 1210 3490 propterea

171 3501 255 3583 quod
281 3503 425 3566 Rhenum
452 3505 611 3589 attingrmt
640 3508 838 3590 multumque
870 3508 910 3573 ad
940 3529 994 3574 ecs
1024 3515 1211 3576 mercatores

170 3607 326 3669 ventitant
361 3613 392 3671 et
426 3609 485 3691 ipsi
519 3616 645 3694 propter
679 3613 939 3695 propinquitatem
977 3612 1103 3678 Gallicis
1137 3620 1212 3678 sunt

143 3711 311 3776 amoribus
338 3712 514 3776 adsuefacti.
564 3715 620 3778 hos
647 3735 720 3779 cum
747 3715 843 3782 Suebi
869 3718 976 3781 multis
1002 3737 1094 3801 saepe
1121 3718 1211 3782 bellis

143 3845 144 3850 κ
172 3815 294 3895 experti
314 3821 440 3899 propter
461 3819 697 3901 amplitudinem
720 3822 964 3904 gravitatemque
986 3823 1120 3886 civitatis
1140 3821 1212 3886 fini-
