<?xml version="1.0" encoding="UTF-8"?>
<!DOCTYPE html PUBLIC "-//W3C//DTD XHTML 1.0 Transitional//EN"
    "http://www.w3.org/TR/xhtml1/DTD/xhtml1-transitional.dtd">
<html xmlns="http://www.w3.org/1999/xhtml" xml:lang="en" lang="en">
 <head>
  <title>
</title>
<meta http-equiv="Content-Type" content="text/html;charset=utf-8" />
  <meta name='ocr-system' content='tesseract 3.04.00' />
  <meta name='ocr-capabilities' content='ocr_page ocr_carea ocr_par ocr_line ocrx_word'/>
</head>
<body>
  <div class='ocr_page' id='page_1' title='image "./ciuliicaesarisb02meusgoog_0143.png"; bbox 0 0 2738 4424; ppageno 0'>
   <div class='ocr_carea' id='block_1_1' title="bbox 448 199 1181 274">
    <p class='ocr_par' dir='ltr' id='par_1_1' title="bbox 448 199 1181 274">
     <span class='ocr_line' id='line_1_1' title="bbox 448 199 1181 274; baseline -0.015 -3"><span class='ocrx_word' id='word_1_1' title='bbox 448 217 557 272; x_wconf 77' lang='lat' dir='ltr'>HBnR</span> <span class='ocrx_word' id='word_1_2' title='bbox 573 217 620 272; x_wconf 86' lang='lat' dir='ltr'>VL</span> <span class='ocrx_word' id='word_1_3' title='bbox 640 217 715 274; x_wconf 81' lang='lat' dir='ltr'>CAP.</span> <span class='ocrx_word' id='word_1_4' title='bbox 734 218 856 272; x_wconf 82' lang='lat'><strong>33-35.</strong></span> <span class='ocrx_word' id='word_1_5' title='bbox 1121 199 1181 262; x_wconf 72' lang='lat'>12?</span> 
     </span>
    </p>
   </div>
   <div class='ocr_carea' id='block_1_2' title="bbox 97 375 1245 3956">
    <p class='ocr_par' dir='ltr' id='par_1_2' title="bbox 128 375 1214 1185">
     <span class='ocr_line' id='line_1_2' title="bbox 128 375 1184 460; baseline -0.004 -18"><span class='ocrx_word' id='word_1_6' title='bbox 128 381 228 460; x_wconf 88' lang='lat' dir='ltr'>retur,</span> <span class='ocrx_word' id='word_1_7' title='bbox 252 376 312 442; x_wconf 86' lang='lat' dir='ltr'>etsi</span> <span class='ocrx_word' id='word_1_8' title='bbox 334 379 478 442; x_wconf 89' lang='lat' dir='ltr'>omniurn</span> <span class='ocrx_word' id='word_1_9' title='bbox 500 379 598 442; x_wconf 85' lang='lat' dir='ltr'>animi</span> <span class='ocrx_word' id='word_1_10' title='bbox 613 378 654 442; x_wconf 88' lang='lat' dir='ltr'>ad</span> <span class='ocrx_word' id='word_1_11' title='bbox 668 378 886 443; x_wconf 88' lang='lat' dir='ltr'>ulciscendum</span> <span class='ocrx_word' id='word_1_12' title='bbox 901 375 1066 458; x_wconf 80' lang='lat' dir='ltr'>ardebant,</span> <span class='ocrx_word' id='word_1_13' title='bbox 1090 394 1184 459; x_wconf 89' lang='lat' dir='ltr'>quam</span> 
     </span>
     <span class='ocr_line' id='line_1_3' title="bbox 130 481 1214 567; baseline 0 -19"><span class='ocrx_word' id='word_1_14' title='bbox 130 502 204 548; x_wconf 94' lang='lat' dir='ltr'>cum</span> <span class='ocrx_word' id='word_1_15' title='bbox 235 483 340 567; x_wconf 91' lang='lat' dir='ltr'>aliquo</span> <span class='ocrx_word' id='word_1_16' title='bbox 367 484 504 547; x_wconf 92' lang='lat' dir='ltr'>militum</span> <span class='ocrx_word' id='word_1_17' title='bbox 537 485 724 549; x_wconf 90' lang='lat' dir='ltr'>detrimento</span> <span class='ocrx_word' id='word_1_18' title='bbox 758 488 934 548; x_wconf 88' lang='lat' dir='ltr'>noceretur.</span> <span class='ocrx_word' id='word_1_19' title='bbox 983 481 1114 544; x_wconf 86' lang='lat' dir='ltr'>dimittit</span> <span class='ocrx_word' id='word_1_20' title='bbox 1144 481 1214 549; x_wconf 81' lang='lat' dir='ltr'>ada</span> 
     </span>
     <span class='ocr_line' id='line_1_4' title="bbox 129 587 1185 670; baseline -0.002 -17"><span class='ocrx_word' id='word_1_21' title='bbox 129 587 280 653; x_wconf 89' lang='lat' dir='ltr'>finitimas</span> <span class='ocrx_word' id='word_1_22' title='bbox 303 590 445 654; x_wconf 80' lang='lat' dir='ltr'>civitates</span> <span class='ocrx_word' id='word_1_23' title='bbox 467 591 597 654; x_wconf 90' lang='lat' dir='ltr'>nuntios</span> <span class='ocrx_word' id='word_1_24' title='bbox 613 589 740 655; x_wconf 81' lang='lat' dir='ltr'>Caesar:</span> <span class='ocrx_word' id='word_1_25' title='bbox 765 608 875 655; x_wconf 90' lang='lat' dir='ltr'>omnes</span> <span class='ocrx_word' id='word_1_26' title='bbox 898 592 1009 653; x_wconf 81' lang='lat' dir='ltr'>evocat</span> <span class='ocrx_word' id='word_1_27' title='bbox 1026 606 1081 670; x_wconf 92' lang='lat' dir='ltr'>spe</span> <span class='ocrx_word' id='word_1_28' title='bbox 1096 605 1185 670; x_wconf 90' lang='lat' dir='ltr'>prae·</span> 
     </span>
     <span class='ocr_line' id='line_1_5' title="bbox 130 692 1185 780; baseline -0.002 -22"><span class='ocrx_word' id='word_1_29' title='bbox 130 695 188 760; x_wconf 90' lang='lat' dir='ltr'>dae</span> <span class='ocrx_word' id='word_1_30' title='bbox 211 695 252 759; x_wconf 90' lang='lat' dir='ltr'>ad</span> <span class='ocrx_word' id='word_1_31' title='bbox 275 693 467 778; x_wconf 88' lang='lat' dir='ltr'>diripiendos</span> <span class='ocrx_word' id='word_1_32' title='bbox 489 695 669 777; x_wconf 85' lang='lat' dir='ltr'>Eburones,</span> <span class='ocrx_word' id='word_1_33' title='bbox 692 701 728 759; x_wconf 93' lang='lat' dir='ltr'>ut</span> <span class='ocrx_word' id='word_1_34' title='bbox 741 696 848 780; x_wconf 87' lang='lat' dir='ltr'>potius</span> <span class='ocrx_word' id='word_1_35' title='bbox 866 694 901 758; x_wconf 92' lang='lat' dir='ltr'>in</span> <span class='ocrx_word' id='word_1_36' title='bbox 916 693 1006 758; x_wconf 81' lang='lat' dir='ltr'>silvis</span> <span class='ocrx_word' id='word_1_37' title='bbox 1022 692 1185 758; x_wconf 83' lang='lat' dir='ltr'>Gallorum</span> 
     </span>
     <span class='ocr_line' id='line_1_6' title="bbox 130 789 1187 886; baseline -0.004 -21"><span class='ocrx_word' id='word_1_38' title='bbox 130 802 196 865; x_wconf 83' lang='lat' dir='ltr'>rita</span> <span class='ocrx_word' id='word_1_39' title='bbox 219 821 315 884; x_wconf 90' lang='lat' dir='ltr'>quam</span> <span class='ocrx_word' id='word_1_40' title='bbox 336 801 529 885; x_wconf 88' lang='lat' dir='ltr'>legionarius</span> <span class='ocrx_word' id='word_1_41' title='bbox 551 801 643 865; x_wconf 91' lang='lat' dir='ltr'>miles</span> <span class='ocrx_word' id='word_1_42' title='bbox 664 789 871 886; x_wconf 88' lang='lat' dir='ltr'>periclitetur,</span> <span class='ocrx_word' id='word_1_43' title='bbox 894 799 990 864; x_wconf 91' lang='lat' dir='ltr'>simul</span> <span class='ocrx_word' id='word_1_44' title='bbox 1012 803 1050 862; x_wconf 93' lang='lat' dir='ltr'>ut</span> <span class='ocrx_word' id='word_1_45' title='bbox 1070 816 1187 882; x_wconf 82' lang='lat' dir='ltr'>magna</span> 
     </span>
     <span class='ocr_line' id='line_1_7' title="bbox 130 906 1186 990; baseline -0.005 -19"><span class='ocrx_word' id='word_1_46' title='bbox 130 907 332 972; x_wconf 89' lang='lat' dir='ltr'>multitudine</span> <span class='ocrx_word' id='word_1_47' title='bbox 355 907 546 971; x_wconf 90' lang='lat' dir='ltr'>circumfusa</span> <span class='ocrx_word' id='word_1_48' title='bbox 568 926 624 990; x_wconf 91' lang='lat' dir='ltr'>pro</span> <span class='ocrx_word' id='word_1_49' title='bbox 647 907 704 970; x_wconf 88' lang='lat' dir='ltr'>tali</span> <span class='ocrx_word' id='word_1_50' title='bbox 726 906 864 970; x_wconf 83' lang='lat' dir='ltr'>facinore</span> <span class='ocrx_word' id='word_1_51' title='bbox 891 906 984 987; x_wconf 81' lang='lat' dir='ltr'>stirps</span> <span class='ocrx_word' id='word_1_52' title='bbox 1007 923 1044 968; x_wconf 88' lang='lat' dir='ltr'>ac</span> <span class='ocrx_word' id='word_1_53' title='bbox 1069 922 1186 969; x_wconf 90' lang='lat' dir='ltr'>nomen</span> 
     </span>
     <span class='ocr_line' id='line_1_8' title="bbox 130 1010 1213 1097; baseline 0.001 -19"><span class='ocrx_word' id='word_1_54' title='bbox 130 1012 267 1080; x_wconf 85' lang='lat' dir='ltr'>civitatis</span> <span class='ocrx_word' id='word_1_55' title='bbox 282 1013 419 1078; x_wconf 85' lang='lat' dir='ltr'>tollatur.</span> <span class='ocrx_word' id='word_1_56' title='bbox 463 1032 598 1097; x_wconf 86' lang='lat' dir='ltr'>magnus</span> <span class='ocrx_word' id='word_1_57' title='bbox 619 1012 763 1094; x_wconf 91' lang='lat' dir='ltr'>undique</span> <span class='ocrx_word' id='word_1_58' title='bbox 784 1030 936 1076; x_wconf 88' lang='lat' dir='ltr'>numerus</span> <span class='ocrx_word' id='word_1_59' title='bbox 954 1010 1097 1076; x_wconf 75' lang='lat' dir='ltr'>celeriter</span> <span class='ocrx_word' id='word_1_60' title='bbox 1111 1027 1213 1079; x_wconf 82' lang='lat' dir='ltr'>con-e</span> 
     </span>
     <span class='ocr_line' id='line_1_9' title="bbox 129 1120 226 1185; baseline -0.01 -1"><span class='ocrx_word' id='word_1_61' title='bbox 129 1120 226 1185; x_wconf 82' lang='lat' dir='ltr'>venit</span> 
     </span>
    </p>

    <p class='ocr_par' dir='ltr' id='par_1_3' title="bbox 97 1221 1245 3956">
     <span class='ocr_line' id='line_1_10' title="bbox 217 1221 1245 1308; baseline -0.004 -18"><span class='ocrx_word' id='word_1_62' title='bbox 217 1225 306 1290; x_wconf 88' lang='lat' dir='ltr'>Haec</span> <span class='ocrx_word' id='word_1_63' title='bbox 341 1225 377 1290; x_wconf 92' lang='lat' dir='ltr'>in</span> <span class='ocrx_word' id='word_1_64' title='bbox 412 1224 560 1290; x_wconf 90' lang='lat' dir='ltr'>omnibus</span> <span class='ocrx_word' id='word_1_65' title='bbox 596 1222 784 1289; x_wconf 83' lang='lat' dir='ltr'><strong>Eburonum</strong></span> <span class='ocrx_word' id='word_1_66' title='bbox 819 1222 963 1307; x_wconf 88' lang='lat' dir='ltr'>partibus</span> <span class='ocrx_word' id='word_1_67' title='bbox 996 1221 1187 1308; x_wconf 80' lang='lat' dir='ltr'>gerebantur</span> <span class='ocrx_word' id='word_1_68' title='bbox 1203 1240 1245 1296; x_wconf 71' lang='lat' dir='ltr'>ab</span> 
     </span>
     <span class='ocr_line' id='line_1_11' title="bbox 131 1327 1187 1415; baseline -0.002 -19"><span class='ocrx_word' id='word_1_69' title='bbox 131 1332 261 1414; x_wconf 87' lang='lat' dir='ltr'>diesque</span> <span class='ocrx_word' id='word_1_70' title='bbox 284 1331 451 1415; x_wconf 85' lang='lat' dir='ltr'>adpetebat</span> <span class='ocrx_word' id='word_1_71' title='bbox 472 1331 559 1411; x_wconf 69' lang='lat' dir='ltr'>VH,</span> <span class='ocrx_word' id='word_1_72' title='bbox 587 1349 681 1415; x_wconf 89' lang='lat' dir='ltr'>quem</span> <span class='ocrx_word' id='word_1_73' title='bbox 707 1331 748 1395; x_wconf 88' lang='lat' dir='ltr'>ad</span> <span class='ocrx_word' id='word_1_74' title='bbox 771 1331 857 1395; x_wconf 92' lang='lat' dir='ltr'>diem</span> <span class='ocrx_word' id='word_1_75' title='bbox 882 1327 996 1393; x_wconf 79' lang='lat' dir='ltr'>Caesar</span> <span class='ocrx_word' id='word_1_76' title='bbox 1021 1329 1062 1393; x_wconf 89' lang='lat' dir='ltr'>ad</span> <span class='ocrx_word' id='word_1_77' title='bbox 1088 1329 1187 1413; x_wconf 92' lang='lat' dir='ltr'>impe-</span> 
     </span>
     <span class='ocr_line' id='line_1_12' title="bbox 130 1436 1215 1522; baseline 0 -19"><span class='ocrx_word' id='word_1_78' title='bbox 130 1438 270 1503; x_wconf 88' lang='lat' dir='ltr'>dimenta</span> <span class='ocrx_word' id='word_1_79' title='bbox 291 1438 514 1522; x_wconf 87' lang='lat' dir='ltr'>legionemque</span> <span class='ocrx_word' id='word_1_80' title='bbox 536 1439 652 1503; x_wconf 88' lang='lat' dir='ltr'>reverti</span> <span class='ocrx_word' id='word_1_81' title='bbox 675 1437 888 1502; x_wconf 88' lang='lat' dir='ltr'>constituerat</span> <span class='ocrx_word' id='word_1_82' title='bbox 937 1436 1002 1519; x_wconf 89' lang='lat' dir='ltr'>hic,</span> <span class='ocrx_word' id='word_1_83' title='bbox 1033 1440 1215 1521; x_wconf 80' lang='lat' dir='ltr'>quantumc</span> 
     </span>
     <span class='ocr_line' id='line_1_13' title="bbox 129 1543 1188 1628; baseline -0.004 -19"><span class='ocrx_word' id='word_1_84' title='bbox 129 1543 163 1608; x_wconf 94' lang='lat' dir='ltr'>in</span> <span class='ocrx_word' id='word_1_85' title='bbox 186 1543 268 1609; x_wconf 92' lang='lat' dir='ltr'>bello</span> <span class='ocrx_word' id='word_1_86' title='bbox 291 1544 418 1608; x_wconf 84' lang='lat' dir='ltr'>fortuna</span> <span class='ocrx_word' id='word_1_87' title='bbox 435 1544 536 1628; x_wconf 92' lang='lat' dir='ltr'>possit</span> <span class='ocrx_word' id='word_1_88' title='bbox 558 1547 590 1609; x_wconf 92' lang='lat' dir='ltr'>et</span> <span class='ocrx_word' id='word_1_89' title='bbox 612 1547 748 1627; x_wconf 88' lang='lat' dir='ltr'>quantos</span> <span class='ocrx_word' id='word_1_90' title='bbox 771 1543 891 1607; x_wconf 83' lang='lat' dir='ltr'>adferat</span> <span class='ocrx_word' id='word_1_91' title='bbox 914 1561 1019 1627; x_wconf 90' lang='lat' dir='ltr'>casus,</span> <span class='ocrx_word' id='word_1_92' title='bbox 1042 1543 1188 1625; x_wconf 89' lang='lat' dir='ltr'>cognosci</span> 
     </span>
     <span class='ocr_line' id='line_1_14' title="bbox 128 1648 1219 1734; baseline -0.007 -20"><span class='ocrx_word' id='word_1_93' title='bbox 128 1649 239 1734; x_wconf 88' lang='lat' dir='ltr'>potuit</span> <span class='ocrx_word' id='word_1_94' title='bbox 284 1649 443 1734; x_wconf 90' lang='lat' dir='ltr'>dissipatis</span> <span class='ocrx_word' id='word_1_95' title='bbox 466 1669 503 1714; x_wconf 88' lang='lat' dir='ltr'>ac</span> <span class='ocrx_word' id='word_1_96' title='bbox 525 1650 698 1733; x_wconf 84' lang='lat' dir='ltr'>perterritis</span> <span class='ocrx_word' id='word_1_97' title='bbox 719 1649 878 1732; x_wconf 87' lang='lat' dir='ltr'>hostibus,</span> <span class='ocrx_word' id='word_1_98' title='bbox 901 1652 938 1713; x_wconf 92' lang='lat' dir='ltr'>ut</span> <span class='ocrx_word' id='word_1_99' title='bbox 960 1648 1187 1713; x_wconf 85' lang='lat' dir='ltr'>demonstravi·</span> <span class='ocrx_word' id='word_1_100' title='bbox 1200 1673 1219 1716; x_wconf 83' lang='lat' dir='ltr'>e.</span> 
     </span>
     <span class='ocr_line' id='line_1_15' title="bbox 130 1754 1188 1839; baseline 0 -21"><span class='ocrx_word' id='word_1_101' title='bbox 130 1775 215 1839; x_wconf 90' lang='lat' dir='ltr'>mus,</span> <span class='ocrx_word' id='word_1_102' title='bbox 236 1775 349 1820; x_wconf 89' lang='lat' dir='ltr'>manus</span> <span class='ocrx_word' id='word_1_103' title='bbox 372 1759 439 1820; x_wconf 88' lang='lat' dir='ltr'>erat</span> <span class='ocrx_word' id='word_1_104' title='bbox 459 1755 560 1839; x_wconf 86' lang='lat' dir='ltr'>nulla,</span> <span class='ocrx_word' id='word_1_105' title='bbox 585 1774 666 1837; x_wconf 90' lang='lat' dir='ltr'>quae</span> <span class='ocrx_word' id='word_1_106' title='bbox 688 1775 819 1839; x_wconf 83' lang='lat' dir='ltr'>parvam</span> <span class='ocrx_word' id='word_1_107' title='bbox 841 1755 936 1819; x_wconf 92' lang='lat' dir='ltr'>modo</span> <span class='ocrx_word' id='word_1_108' title='bbox 953 1773 1081 1818; x_wconf 88' lang='lat' dir='ltr'>oausam</span> <span class='ocrx_word' id='word_1_109' title='bbox 1095 1754 1188 1818; x_wconf 88' lang='lat' dir='ltr'>timo-</span> 
     </span>
     <span class='ocr_line' id='line_1_16' title="bbox 128 1859 1217 1945; baseline 0.001 -18"><span class='ocrx_word' id='word_1_110' title='bbox 128 1863 172 1927; x_wconf 89' lang='lat' dir='ltr'>ris</span> <span class='ocrx_word' id='word_1_111' title='bbox 193 1861 337 1928; x_wconf 79' lang='lat' dir='ltr'>adferret.</span> <span class='ocrx_word' id='word_1_112' title='bbox 381 1865 468 1926; x_wconf 88' lang='lat' dir='ltr'>trans</span> <span class='ocrx_word' id='word_1_113' title='bbox 490 1861 638 1925; x_wconf 90' lang='lat' dir='ltr'>Rhenum</span> <span class='ocrx_word' id='word_1_114' title='bbox 661 1861 702 1924; x_wconf 87' lang='lat' dir='ltr'>ad</span> <span class='ocrx_word' id='word_1_115' title='bbox 725 1861 898 1927; x_wconf 84' lang='lat' dir='ltr'>Germanos</span> <span class='ocrx_word' id='word_1_116' title='bbox 924 1861 1069 1945; x_wconf 87' lang='lat' dir='ltr'>pervenit</span> <span class='ocrx_word' id='word_1_117' title='bbox 1094 1859 1217 1944; x_wconf 74' lang='lat' dir='ltr'>samar</span> 
     </span>
     <span class='ocr_line' id='line_1_17' title="bbox 130 1966 1185 2052; baseline -0.005 -20"><span class='ocrx_word' id='word_1_118' title='bbox 130 1968 223 2052; x_wconf 89' lang='lat' dir='ltr'>diripi</span> <span class='ocrx_word' id='word_1_119' title='bbox 245 1967 412 2033; x_wconf 85' lang='lat' dir='ltr'>Eburones</span> <span class='ocrx_word' id='word_1_120' title='bbox 439 1971 534 2051; x_wconf 87' lang='lat' dir='ltr'>atque</span> <span class='ocrx_word' id='word_1_121' title='bbox 561 1967 644 2032; x_wconf 91' lang='lat' dir='ltr'>ultro</span> <span class='ocrx_word' id='word_1_122' title='bbox 673 1986 782 2032; x_wconf 89' lang='lat' dir='ltr'>omnes</span> <span class='ocrx_word' id='word_1_123' title='bbox 810 1966 1024 2050; x_wconf 84' lang='lat' dir='ltr'>adpraedam</span> <span class='ocrx_word' id='word_1_124' title='bbox 1051 1966 1185 2030; x_wconf 81' lang='lat' dir='ltr'>evocari.</span> 
     </span>
     <span class='ocr_line' id='line_1_18' title="bbox 129 2071 1218 2159; baseline 0 -21"><span class='ocrx_word' id='word_1_125' title='bbox 129 2078 247 2159; x_wconf 84' lang='lat' dir='ltr'>cogunt</span> <span class='ocrx_word' id='word_1_126' title='bbox 278 2073 422 2156; x_wconf 90' lang='lat' dir='ltr'>equitum</span> <span class='ocrx_word' id='word_1_127' title='bbox 450 2073 512 2137; x_wconf 89' lang='lat' dir='ltr'>duo</span> <span class='ocrx_word' id='word_1_128' title='bbox 540 2073 628 2136; x_wconf 90' lang='lat' dir='ltr'>milia</span> <span class='ocrx_word' id='word_1_129' title='bbox 655 2071 837 2156; x_wconf 84' lang='lat' dir='ltr'>Sugambri,</span> <span class='ocrx_word' id='word_1_130' title='bbox 865 2073 922 2156; x_wconf 92' lang='lat' dir='ltr'>qui</span> <span class='ocrx_word' id='word_1_131' title='bbox 949 2076 1024 2137; x_wconf 94' lang='lat' dir='ltr'>sunt</span> <span class='ocrx_word' id='word_1_132' title='bbox 1049 2071 1218 2155; x_wconf 74' lang='lat' dir='ltr'>proximis</span> 
     </span>
     <span class='ocr_line' id='line_1_19' title="bbox 128 2176 1186 2264; baseline -0.004 -20"><span class='ocrx_word' id='word_1_133' title='bbox 128 2180 253 2264; x_wconf 85' lang='lat' dir='ltr'>Rheno,</span> <span class='ocrx_word' id='word_1_134' title='bbox 278 2200 297 2243; x_wconf 86' lang='lat' dir='ltr'>a</span> <span class='ocrx_word' id='word_1_135' title='bbox 320 2180 436 2262; x_wconf 92' lang='lat' dir='ltr'>quibus</span> <span class='ocrx_word' id='word_1_136' title='bbox 458 2183 601 2263; x_wconf 90' lang='lat' dir='ltr'>receptos</span> <span class='ocrx_word' id='word_1_137' title='bbox 629 2197 671 2243; x_wconf 85' lang='lat' dir='ltr'>ex</span> <span class='ocrx_word' id='word_1_138' title='bbox 693 2179 768 2263; x_wconf 88' lang='lat' dir='ltr'>fuga</span> <span class='ocrx_word' id='word_1_139' title='bbox 794 2178 962 2243; x_wconf 80' lang='lat' dir='ltr'>Tencteros</span> <span class='ocrx_word' id='word_1_140' title='bbox 990 2182 1085 2259; x_wconf 91' lang='lat' dir='ltr'>atque</span> <span class='ocrx_word' id='word_1_141' title='bbox 1112 2176 1186 2242; x_wconf 88' lang='lat' dir='ltr'>Usi-</span> 
     </span>
     <span class='ocr_line' id='line_1_20' title="bbox 97 2282 1219 2370; baseline 0 -18"><span class='ocrx_word' id='word_1_142' title='bbox 97 2310 100 2315; x_wconf 91' lang='lat'>·</span> <span class='ocrx_word' id='word_1_143' title='bbox 128 2291 216 2370; x_wconf 88' lang='lat' dir='ltr'>petes</span> <span class='ocrx_word' id='word_1_144' title='bbox 239 2305 334 2369; x_wconf 84' lang='lat' dir='ltr'>supra</span> <span class='ocrx_word' id='word_1_145' title='bbox 362 2285 536 2349; x_wconf 91' lang='lat' dir='ltr'>docuimus.</span> <span class='ocrx_word' id='word_1_146' title='bbox 585 2289 751 2349; x_wconf 88' lang='lat' dir='ltr'>transeunt</span> <span class='ocrx_word' id='word_1_147' title='bbox 776 2283 924 2348; x_wconf 90' lang='lat' dir='ltr'>Rhenum</span> <span class='ocrx_word' id='word_1_148' title='bbox 949 2283 1087 2347; x_wconf 77' lang='lat' dir='ltr'>navibus</span> <span class='ocrx_word' id='word_1_149' title='bbox 1113 2282 1219 2352; x_wconf 81' lang='lat' dir='ltr'>rati-c</span> 
     </span>
     <span class='ocr_line' id='line_1_21' title="bbox 129 2388 1241 2476; baseline -0.002 -20"><span class='ocrx_word' id='word_1_150' title='bbox 129 2392 252 2476; x_wconf 91' lang='lat' dir='ltr'>busque</span> <span class='ocrx_word' id='word_1_151' title='bbox 274 2391 376 2457; x_wconf 79' lang='lat' dir='ltr'>XXX</span> <span class='ocrx_word' id='word_1_152' title='bbox 398 2391 529 2456; x_wconf 91' lang='lat' dir='ltr'>milibus</span> <span class='ocrx_word' id='word_1_153' title='bbox 544 2410 694 2474; x_wconf 85' lang='lat' dir='ltr'>passuum</span> <span class='ocrx_word' id='word_1_154' title='bbox 708 2390 791 2454; x_wconf 76' lang='lat' dir='ltr'>inira</span> <span class='ocrx_word' id='word_1_155' title='bbox 806 2409 880 2455; x_wconf 92' lang='lat' dir='ltr'>eum</span> <span class='ocrx_word' id='word_1_156' title='bbox 894 2389 1014 2474; x_wconf 88' lang='lat' dir='ltr'>locum,</span> <span class='ocrx_word' id='word_1_157' title='bbox 1037 2388 1095 2453; x_wconf 93' lang='lat' dir='ltr'>ubi</span> <span class='ocrx_word' id='word_1_158' title='bbox 1107 2407 1187 2473; x_wconf 93' lang='lat' dir='ltr'>pons</span> <span class='ocrx_word' id='word_1_159' title='bbox 1240 2433 1241 2437; x_wconf 54' lang='lat'><em>=</em></span> 
     </span>
     <span class='ocr_line' id='line_1_22' title="bbox 130 2495 1188 2582; baseline -0.003 -19"><span class='ocrx_word' id='word_1_160' title='bbox 130 2503 198 2564; x_wconf 88' lang='lat' dir='ltr'>erat</span> <span class='ocrx_word' id='word_1_161' title='bbox 219 2498 376 2582; x_wconf 90' lang='lat' dir='ltr'>perfectus</span> <span class='ocrx_word' id='word_1_162' title='bbox 398 2497 656 2582; x_wconf 88' lang='lat' dir='ltr'>praesidimnque</span> <span class='ocrx_word' id='word_1_163' title='bbox 683 2516 703 2559; x_wconf 88' lang='lat' dir='ltr'>a</span> <span class='ocrx_word' id='word_1_164' title='bbox 726 2495 858 2561; x_wconf 81' lang='lat' dir='ltr'>Caesare</span> <span class='ocrx_word' id='word_1_165' title='bbox 880 2495 1040 2578; x_wconf 88' lang='lat' dir='ltr'>relictum;</span> <span class='ocrx_word' id='word_1_166' title='bbox 1067 2495 1188 2580; x_wconf 89' lang='lat' dir='ltr'>primos</span> 
     </span>
     <span class='ocr_line' id='line_1_23' title="bbox 129 2600 1189 2686; baseline -0.005 -17"><span class='ocrx_word' id='word_1_167' title='bbox 129 2604 316 2669; x_wconf 81' lang='lat' dir='ltr'>Eburonmn</span> <span class='ocrx_word' id='word_1_168' title='bbox 338 2602 419 2668; x_wconf 89' lang='lat' dir='ltr'>fines</span> <span class='ocrx_word' id='word_1_169' title='bbox 442 2603 573 2684; x_wconf 68' lang='lat' dir='ltr'>adeunt,</span> <span class='ocrx_word' id='word_1_170' title='bbox 602 2602 719 2667; x_wconf 91' lang='lat' dir='ltr'>multos</span> <span class='ocrx_word' id='word_1_171' title='bbox 747 2621 789 2668; x_wconf 85' lang='lat' dir='ltr'>ex</span> <span class='ocrx_word' id='word_1_172' title='bbox 814 2603 889 2686; x_wconf 81' lang='lat' dir='ltr'>iuga</span> <span class='ocrx_word' id='word_1_173' title='bbox 917 2601 1073 2686; x_wconf 90' lang='lat' dir='ltr'>dispersos</span> <span class='ocrx_word' id='word_1_174' title='bbox 1101 2600 1189 2666; x_wconf 84' lang='lat' dir='ltr'>exci-</span> 
     </span>
     <span class='ocr_line' id='line_1_24' title="bbox 128 2708 1189 2795; baseline -0.002 -22"><span class='ocrx_word' id='word_1_175' title='bbox 128 2710 233 2795; x_wconf 91' lang='lat' dir='ltr'>piunt,</span> <span class='ocrx_word' id='word_1_176' title='bbox 256 2729 371 2793; x_wconf 90' lang='lat' dir='ltr'>magno</span> <span class='ocrx_word' id='word_1_177' title='bbox 394 2710 517 2794; x_wconf 91' lang='lat' dir='ltr'>pecoris</span> <span class='ocrx_word' id='word_1_178' title='bbox 531 2727 679 2792; x_wconf 89' lang='lat' dir='ltr'>numero,</span> <span class='ocrx_word' id='word_1_179' title='bbox 702 2709 795 2774; x_wconf 90' lang='lat' dir='ltr'>cuius</span> <span class='ocrx_word' id='word_1_180' title='bbox 815 2712 890 2773; x_wconf 91' lang='lat' dir='ltr'>sunt</span> <span class='ocrx_word' id='word_1_181' title='bbox 904 2708 1103 2793; x_wconf 79' lang='lat' dir='ltr'>cupidissimi</span> <span class='ocrx_word' id='word_1_182' title='bbox 1117 2708 1189 2772; x_wconf 87' lang='lat' dir='ltr'>bar·</span> 
     </span>
     <span class='ocr_line' id='line_1_25' title="bbox 129 2814 1218 2901; baseline -0.004 -21"><span class='ocrx_word' id='word_1_183' title='bbox 129 2814 211 2901; x_wconf 88' lang='lat' dir='ltr'>bari,</span> <span class='ocrx_word' id='word_1_184' title='bbox 233 2816 408 2900; x_wconf 88' lang='lat' dir='ltr'>potiuntur.</span> <span class='ocrx_word' id='word_1_185' title='bbox 453 2814 579 2878; x_wconf 80' lang='lat' dir='ltr'>invitati</span> <span class='ocrx_word' id='word_1_186' title='bbox 601 2814 719 2898; x_wconf 87' lang='lat' dir='ltr'>praeda</span> <span class='ocrx_word' id='word_1_187' title='bbox 739 2815 867 2899; x_wconf 90' lang='lat' dir='ltr'>longius</span> <span class='ocrx_word' id='word_1_188' title='bbox 893 2815 1077 2899; x_wconf 87' lang='lat' dir='ltr'>procedunt</span> <span class='ocrx_word' id='word_1_189' title='bbox 1122 2834 1218 2884; x_wconf 65' lang='lat' dir='ltr'>nona</span> 
     </span>
     <span class='ocr_line' id='line_1_26' title="bbox 129 2920 1188 3005; baseline -0.005 -18"><span class='ocrx_word' id='word_1_190' title='bbox 129 2923 187 2987; x_wconf 90' lang='lat' dir='ltr'>hos</span> <span class='ocrx_word' id='word_1_191' title='bbox 208 2921 339 3005; x_wconf 89' lang='lat' dir='ltr'>paludes</span> <span class='ocrx_word' id='word_1_192' title='bbox 361 2920 444 2986; x_wconf 91' lang='lat' dir='ltr'>bello</span> <span class='ocrx_word' id='word_1_193' title='bbox 467 2921 705 3004; x_wconf 85' lang='lat' dir='ltr'>latrociniisque</span> <span class='ocrx_word' id='word_1_194' title='bbox 727 2925 833 3003; x_wconf 89' lang='lat' dir='ltr'>natos,</span> <span class='ocrx_word' id='word_1_195' title='bbox 856 2939 919 2984; x_wconf 93' lang='lat' dir='ltr'>non</span> <span class='ocrx_word' id='word_1_196' title='bbox 943 2920 1041 2985; x_wconf 87' lang='lat' dir='ltr'>silvae</span> <span class='ocrx_word' id='word_1_197' title='bbox 1062 2938 1188 2984; x_wconf 86' lang='lat' dir='ltr'>moran-</span> 
     </span>
     <span class='ocr_line' id='line_1_27' title="bbox 130 3025 1186 3110; baseline -0.004 -18"><span class='ocrx_word' id='word_1_198' title='bbox 130 3032 190 3092; x_wconf 91' lang='lat' dir='ltr'>tur.</span> <span class='ocrx_word' id='word_1_199' title='bbox 240 3027 357 3110; x_wconf 89' lang='lat' dir='ltr'>quibus</span> <span class='ocrx_word' id='word_1_200' title='bbox 387 3026 424 3091; x_wconf 94' lang='lat' dir='ltr'>in</span> <span class='ocrx_word' id='word_1_201' title='bbox 450 3026 528 3090; x_wconf 89' lang='lat' dir='ltr'>locis</span> <span class='ocrx_word' id='word_1_202' title='bbox 555 3027 597 3091; x_wconf 87' lang='lat' dir='ltr'>sit</span> <span class='ocrx_word' id='word_1_203' title='bbox 624 3026 751 3109; x_wconf 81' lang='lat' dir='ltr'>Caesar,</span> <span class='ocrx_word' id='word_1_204' title='bbox 783 3044 825 3090; x_wconf 85' lang='lat' dir='ltr'>ex</span> <span class='ocrx_word' id='word_1_205' title='bbox 856 3025 988 3108; x_wconf 82' lang='lat' dir='ltr'>captivis</span> <span class='ocrx_word' id='word_1_206' title='bbox 1017 3028 1186 3107; x_wconf 85' lang='lat' dir='ltr'>quaerunt;</span> 
     </span>
     <span class='ocr_line' id='line_1_28' title="bbox 130 3130 1188 3219; baseline -0.006 -20"><span class='ocrx_word' id='word_1_207' title='bbox 130 3133 304 3219; x_wconf 85' lang='lat' dir='ltr'>profectum</span> <span class='ocrx_word' id='word_1_208' title='bbox 326 3132 454 3216; x_wconf 91' lang='lat' dir='ltr'>longius</span> <span class='ocrx_word' id='word_1_209' title='bbox 476 3133 639 3216; x_wconf 90' lang='lat' dir='ltr'>reperiunt</span> <span class='ocrx_word' id='word_1_210' title='bbox 662 3150 852 3215; x_wconf 92' lang='lat' dir='ltr'>omnemque</span> <span class='ocrx_word' id='word_1_211' title='bbox 875 3131 1052 3196; x_wconf 84' lang='lat' dir='ltr'>exercitum</span> <span class='ocrx_word' id='word_1_212' title='bbox 1072 3130 1188 3194; x_wconf 90' lang='lat' dir='ltr'>disces-</span> 
     </span>
     <span class='ocr_line' id='line_1_29' title="bbox 132 3234 1221 3324; baseline 0 -19"><span class='ocrx_word' id='word_1_213' title='bbox 132 3241 210 3305; x_wconf 90' lang='lat' dir='ltr'>sisse</span> <span class='ocrx_word' id='word_1_214' title='bbox 242 3242 445 3324; x_wconf 88' lang='lat' dir='ltr'>cognosount</span> <span class='ocrx_word' id='word_1_215' title='bbox 499 3241 593 3321; x_wconf 87' lang='lat' dir='ltr'>atque</span> <span class='ocrx_word' id='word_1_216' title='bbox 625 3257 710 3302; x_wconf 91' lang='lat' dir='ltr'>unus</span> <span class='ocrx_word' id='word_1_217' title='bbox 744 3257 786 3302; x_wconf 85' lang='lat' dir='ltr'>ex</span> <span class='ocrx_word' id='word_1_218' title='bbox 817 3238 949 3320; x_wconf 74' lang='lat' dir='ltr'>captivis</span> <span class='ocrx_word' id='word_1_219' title='bbox 984 3235 1076 3319; x_wconf 92' lang='lat' dir='ltr'>‘quid</span> <span class='ocrx_word' id='word_1_220' title='bbox 1107 3234 1221 3319; x_wconf 82' lang='lat' dir='ltr'>vos&#39;,e</span> 
     </span>
     <span class='ocr_line' id='line_1_30' title="bbox 131 3342 1190 3428; baseline -0.005 -19"><span class='ocrx_word' id='word_1_221' title='bbox 131 3345 251 3428; x_wconf 89' lang='lat' dir='ltr'>inquit,</span> <span class='ocrx_word' id='word_1_222' title='bbox 281 3345 377 3409; x_wconf 89' lang='lat' dir='ltr'>‘hanc</span> <span class='ocrx_word' id='word_1_223' title='bbox 412 3344 559 3409; x_wconf 87' lang='lat' dir='ltr'>miseram</span> <span class='ocrx_word' id='word_1_224' title='bbox 595 3362 632 3407; x_wconf 90' lang='lat' dir='ltr'>ac</span> <span class='ocrx_word' id='word_1_225' title='bbox 667 3349 797 3407; x_wconf 89' lang='lat' dir='ltr'>tenuem</span> <span class='ocrx_word' id='word_1_226' title='bbox 833 3342 998 3407; x_wconf 86' lang='lat' dir='ltr'>sectamini</span> <span class='ocrx_word' id='word_1_227' title='bbox 1032 3342 1190 3426; x_wconf 86' lang='lat' dir='ltr'>praedam,</span> 
     </span>
     <span class='ocr_line' id='line_1_31' title="bbox 134 3447 1191 3534; baseline -0.003 -20"><span class='ocrx_word' id='word_1_228' title='bbox 134 3449 251 3534; x_wconf 90' lang='lat' dir='ltr'>quibus</span> <span class='ocrx_word' id='word_1_229' title='bbox 271 3450 347 3515; x_wconf 90' lang='lat' dir='ltr'>licet</span> <span class='ocrx_word' id='word_1_230' title='bbox 367 3450 432 3514; x_wconf 88' lang='lat' dir='ltr'>iam</span> <span class='ocrx_word' id='word_1_231' title='bbox 454 3468 523 3515; x_wconf 88' lang='lat' dir='ltr'>esse</span> <span class='ocrx_word' id='word_1_232' title='bbox 545 3448 832 3513; x_wconf 80' lang='lat' dir='ltr'>fortunatissimos?</span> <span class='ocrx_word' id='word_1_233' title='bbox 870 3447 972 3512; x_wconf 87' lang='lat' dir='ltr'>hibus</span> <span class='ocrx_word' id='word_1_234' title='bbox 990 3448 1076 3512; x_wconf 90' lang='lat' dir='ltr'>horis</span> <span class='ocrx_word' id='word_1_235' title='bbox 1091 3449 1191 3511; x_wconf 87' lang='lat' dir='ltr'>Atua-</span> 
     </span>
     <span class='ocr_line' id='line_1_32' title="bbox 132 3554 1191 3640; baseline -0.003 -19"><span class='ocrx_word' id='word_1_236' title='bbox 132 3561 238 3621; x_wconf 89' lang='lat' dir='ltr'>tucam</span> <span class='ocrx_word' id='word_1_237' title='bbox 260 3556 369 3621; x_wconf 81' lang='lat' dir='ltr'>venire</span> <span class='ocrx_word' id='word_1_238' title='bbox 391 3556 534 3640; x_wconf 89' lang='lat' dir='ltr'>potestis:</span> <span class='ocrx_word' id='word_1_239' title='bbox 557 3554 622 3618; x_wconf 91' lang='lat' dir='ltr'>huo</span> <span class='ocrx_word' id='word_1_240' title='bbox 646 3572 755 3619; x_wconf 88' lang='lat' dir='ltr'>omnes</span> <span class='ocrx_word' id='word_1_241' title='bbox 778 3573 852 3618; x_wconf 87' lang='lat' dir='ltr'>suas</span> <span class='ocrx_word' id='word_1_242' title='bbox 873 3555 1017 3618; x_wconf 87' lang='lat' dir='ltr'>fortunas</span> <span class='ocrx_word' id='word_1_243' title='bbox 1032 3555 1191 3618; x_wconf 84' lang='lat' dir='ltr'>exercitus</span> 
     </span>
     <span class='ocr_line' id='line_1_33' title="bbox 133 3659 1219 3743; baseline -0.001 -14"><span class='ocrx_word' id='word_1_244' title='bbox 133 3663 351 3730; x_wconf 88' lang='lat' dir='ltr'>Romanorum</span> <span class='ocrx_word' id='word_1_245' title='bbox 375 3661 522 3741; x_wconf 83' lang='lat' dir='ltr'>contulit3</span> <span class='ocrx_word' id='word_1_246' title='bbox 546 3659 697 3743; x_wconf 87' lang='lat' dir='ltr'>praesidii</span> <span class='ocrx_word' id='word_1_247' title='bbox 719 3664 845 3723; x_wconf 87' lang='lat' dir='ltr'>tantum</span> <span class='ocrx_word' id='word_1_248' title='bbox 868 3666 928 3743; x_wconf 85' lang='lat' dir='ltr'>est,</span> <span class='ocrx_word' id='word_1_249' title='bbox 953 3665 990 3724; x_wconf 92' lang='lat' dir='ltr'>ut</span> <span class='ocrx_word' id='word_1_250' title='bbox 1015 3678 1057 3723; x_wconf 90' lang='lat' dir='ltr'>ne</span> <span class='ocrx_word' id='word_1_251' title='bbox 1079 3680 1219 3728; x_wconf 84' lang='lat' dir='ltr'>muruse</span> 
     </span>
     <span class='ocr_line' id='line_1_34' title="bbox 135 3765 1192 3854; baseline -0.005 -20"><span class='ocrx_word' id='word_1_252' title='bbox 135 3770 264 3854; x_wconf 91' lang='lat' dir='ltr'>quidem</span> <span class='ocrx_word' id='word_1_253' title='bbox 287 3767 374 3852; x_wconf 90' lang='lat' dir='ltr'>cingi</span> <span class='ocrx_word' id='word_1_254' title='bbox 396 3767 622 3852; x_wconf 89' lang='lat' dir='ltr'>possitneque</span> <span class='ocrx_word' id='word_1_255' title='bbox 647 3767 817 3850; x_wconf 84' lang='lat' dir='ltr'>quisquam</span> <span class='ocrx_word' id='word_1_256' title='bbox 840 3766 949 3850; x_wconf 92' lang='lat' dir='ltr'>egredi</span> <span class='ocrx_word' id='word_1_257' title='bbox 976 3771 1066 3831; x_wconf 81' lang='lat' dir='ltr'>extra</span> <span class='ocrx_word' id='word_1_258' title='bbox 1087 3765 1192 3830; x_wconf 92' lang='lat' dir='ltr'>muni-</span> 
     </span>
     <span class='ocr_line' id='line_1_35' title="bbox 133 3871 1241 3956; baseline -0.003 -14"><span class='ocrx_word' id='word_1_259' title='bbox 133 3877 238 3942; x_wconf 88' lang='lat' dir='ltr'>tiones</span> <span class='ocrx_word' id='word_1_260' title='bbox 269 3871 402 3938; x_wconf 87' lang='lat' dir='ltr'>audeat&#39;</span> <span class='ocrx_word' id='word_1_261' title='bbox 456 3873 516 3936; x_wconf 90' lang='lat' dir='ltr'>hac</span> <span class='ocrx_word' id='word_1_262' title='bbox 552 3871 657 3936; x_wconf 83' lang='lat' dir='ltr'>oblata</span> <span class='ocrx_word' id='word_1_263' title='bbox 690 3891 746 3956; x_wconf 93' lang='lat' dir='ltr'>spe</span> <span class='ocrx_word' id='word_1_264' title='bbox 779 3872 941 3955; x_wconf 79' lang='lat' dir='ltr'>Germani,</span> <span class='ocrx_word' id='word_1_265' title='bbox 977 3891 1073 3955; x_wconf 88' lang='lat' dir='ltr'>quam</span> <span class='ocrx_word' id='word_1_266' title='bbox 1108 3873 1194 3937; x_wconf 87' lang='lat' dir='ltr'>nacti</span> <span class='ocrx_word' id='word_1_267' title='bbox 1208 3895 1241 3939; x_wconf 81' lang='lat' dir='ltr'>rc</span> 
     </span>
    </p>
   </div>
   <div class='ocr_carea' id='block_1_3' title="bbox 0 0 1380 4424">
    <p class='ocr_par' dir='ltr' id='par_1_4' title="bbox 0 0 1380 4424">
     <span class='ocr_line' id='line_1_36' title="bbox 0 0 1380 4424; baseline 0 0"><span class='ocrx_word' id='word_1_268' title='bbox 0 0 1380 4424; x_wconf 95' lang='lat' dir='ltr'> </span> 
     </span>
    </p>
   </div>
  </div>
 </body>
</html>
