<?xml version="1.0" encoding="UTF-8"?>
<!DOCTYPE html PUBLIC "-//W3C//DTD XHTML 1.0 Transitional//EN"
    "http://www.w3.org/TR/xhtml1/DTD/xhtml1-transitional.dtd">
<html xmlns="http://www.w3.org/1999/xhtml" xml:lang="en" lang="en">
 <head>
  <title>
</title>
<meta http-equiv="Content-Type" content="text/html;charset=utf-8" />
  <meta name='ocr-system' content='tesseract 3.04.00' />
  <meta name='ocr-capabilities' content='ocr_page ocr_carea ocr_par ocr_line ocrx_word'/>
</head>
<body>
  <div class='ocr_page' id='page_1' title='image "./ciuliicaesarisb02meusgoog_0037.png"; bbox 0 0 2738 4424; ppageno 0'>
   <div class='ocr_carea' id='block_1_1' title="bbox 493 299 1207 370">
    <p class='ocr_par' dir='ltr' id='par_1_1' title="bbox 493 299 1207 370">
     <span class='ocr_line' id='line_1_1' title="bbox 493 299 1207 370; baseline -0.01 -1"><span class='ocrx_word' id='word_1_1' title='bbox 493 315 598 369; x_wconf 79' lang='lat' dir='ltr'>LIBER</span> <span class='ocrx_word' id='word_1_2' title='bbox 617 315 639 368; x_wconf 87' lang='lat'>1.</span> <span class='ocrx_word' id='word_1_3' title='bbox 659 314 734 370; x_wconf 84' lang='lat' dir='ltr'>CAP.</span> <span class='ocrx_word' id='word_1_4' title='bbox 751 313 873 369; x_wconf 83' lang='lat'>28-31.</span> <span class='ocrx_word' id='word_1_5' title='bbox 1167 299 1207 362; x_wconf 81' lang='grc'>17</span> 
     </span>
    </p>
   </div>
   <div class='ocr_carea' id='block_1_2' title="bbox 28 476 1314 3102">
    <p class='ocr_par' dir='ltr' id='par_1_2' title="bbox 28 476 1314 3102">
     <span class='ocr_line' id='line_1_2' title="bbox 28 476 1209 559; baseline -0.002 -18"><span class='ocrx_word' id='word_1_6' title='bbox 28 482 29 485; x_wconf 75' lang='grc'>’</span> <span class='ocrx_word' id='word_1_7' title='bbox 153 481 214 557; x_wconf 88' lang='lat' dir='ltr'>ret,</span> <span class='ocrx_word' id='word_1_8' title='bbox 229 476 293 540; x_wconf 88' lang='lat' dir='ltr'>nisi</span> <span class='ocrx_word' id='word_1_9' title='bbox 309 476 426 559; x_wconf 89' lang='lat' dir='ltr'>quibus</span> <span class='ocrx_word' id='word_1_10' title='bbox 441 477 600 540; x_wconf 88' lang='lat' dir='ltr'>communi</span> <span class='ocrx_word' id='word_1_11' title='bbox 618 476 751 540; x_wconf 89' lang='lat' dir='ltr'>consilio</span> <span class='ocrx_word' id='word_1_12' title='bbox 766 476 952 540; x_wconf 90' lang='lat' dir='ltr'>mandatum</span> <span class='ocrx_word' id='word_1_13' title='bbox 967 479 1062 558; x_wconf 90' lang='lat' dir='ltr'>esset,</span> <span class='ocrx_word' id='word_1_14' title='bbox 1076 476 1161 540; x_wconf 88' lang='lat' dir='ltr'>inter</span> <span class='ocrx_word' id='word_1_15' title='bbox 1175 493 1209 540; x_wconf 92' lang='lat' dir='ltr'>se</span> 
     </span>
     <span class='ocr_line' id='line_1_3' title="bbox 154 581 1260 665; baseline -0.001 -20"><span class='ocrx_word' id='word_1_16' title='bbox 154 586 338 647; x_wconf 85' lang='lat' dir='ltr'>sanxerunt.</span> <span class='ocrx_word' id='word_1_17' title='bbox 376 581 423 646; x_wconf 86' lang='lat' dir='ltr'>Ho</span> <span class='ocrx_word' id='word_1_18' title='bbox 447 582 581 646; x_wconf 90' lang='lat' dir='ltr'>concilio</span> <span class='ocrx_word' id='word_1_19' title='bbox 605 582 733 646; x_wconf 88' lang='lat' dir='ltr'>dimisso</span> <span class='ocrx_word' id='word_1_20' title='bbox 756 582 841 645; x_wconf 89' lang='lat' dir='ltr'>idem</span> <span class='ocrx_word' id='word_1_21' title='bbox 863 581 1022 665; x_wconf 90' lang='lat' dir='ltr'>principes</span> <span class='ocrx_word' id='word_1_22' title='bbox 1038 581 1210 662; x_wconf 80' lang='lat' dir='ltr'>civitatum,</span> <span class='ocrx_word' id='word_1_23' title='bbox 1227 588 1260 644; x_wconf 81' lang='lat'>31</span> 
     </span>
     <span class='ocr_line' id='line_1_4' title="bbox 155 658 1209 772; baseline -0.001 -19"><span class='ocrx_word' id='word_1_24' title='bbox 155 689 211 770; x_wconf 91' lang='lat' dir='ltr'>qui</span> <span class='ocrx_word' id='word_1_25' title='bbox 238 692 311 753; x_wconf 88' lang='lat' dir='ltr'>ante</span> <span class='ocrx_word' id='word_1_26' title='bbox 338 687 477 772; x_wconf 88' lang='lat' dir='ltr'>fuerant,</span> <span class='ocrx_word' id='word_1_27' title='bbox 505 688 545 751; x_wconf 89' lang='lat' dir='ltr'>ad</span> <span class='ocrx_word' id='word_1_28' title='bbox 568 686 733 752; x_wconf 81' lang='lat' dir='ltr'>Caesarem</span> <span class='ocrx_word' id='word_1_29' title='bbox 759 691 958 752; x_wconf 84' lang='lat' dir='ltr'>reverterunt</span> <span class='ocrx_word' id='word_1_30' title='bbox 979 658 1209 770; x_wconf 62' lang='lat' dir='ltr'>petieruntdue,</span> 
     </span>
     <span class='ocr_line' id='line_1_5' title="bbox 155 792 1209 878; baseline -0.002 -20"><span class='ocrx_word' id='word_1_31' title='bbox 155 795 203 858; x_wconf 89' lang='lat' dir='ltr'>uti</span> <span class='ocrx_word' id='word_1_32' title='bbox 218 794 279 858; x_wconf 89' lang='lat' dir='ltr'>sibi</span> <span class='ocrx_word' id='word_1_33' title='bbox 293 799 412 861; x_wconf 88' lang='lat' dir='ltr'>secreto</span> <span class='ocrx_word' id='word_1_34' title='bbox 433 792 630 878; x_wconf 86' lang='lat' dir='ltr'>[inocculto]</span> <span class='ocrx_word' id='word_1_35' title='bbox 655 794 693 857; x_wconf 90' lang='lat' dir='ltr'>de</span> <span class='ocrx_word' id='word_1_36' title='bbox 711 812 770 856; x_wconf 90' lang='lat' dir='ltr'>sua</span> <span class='ocrx_word' id='word_1_37' title='bbox 785 794 990 874; x_wconf 89' lang='lat' dir='ltr'>omniumque</span> <span class='ocrx_word' id='word_1_38' title='bbox 1013 793 1114 856; x_wconf 90' lang='lat' dir='ltr'>salute</span> <span class='ocrx_word' id='word_1_39' title='bbox 1136 812 1209 856; x_wconf 93' lang='lat' dir='ltr'>cum</span> 
     </span>
     <span class='ocr_line' id='line_1_6' title="bbox 156 895 1237 983; baseline 0 -19"><span class='ocrx_word' id='word_1_40' title='bbox 156 920 193 964; x_wconf 94' lang='lat' dir='ltr'>eo</span> <span class='ocrx_word' id='word_1_41' title='bbox 217 920 310 983; x_wconf 85' lang='lat' dir='ltr'>agere</span> <span class='ocrx_word' id='word_1_42' title='bbox 331 900 448 965; x_wconf 84' lang='lat' dir='ltr'>ficeret</span> <span class='ocrx_word' id='word_1_43' title='bbox 487 918 525 964; x_wconf 84' lang='lat' dir='ltr'>aa</span> <span class='ocrx_word' id='word_1_44' title='bbox 546 918 582 963; x_wconf 90' lang='lat' dir='ltr'>re</span> <span class='ocrx_word' id='word_1_45' title='bbox 604 899 769 983; x_wconf 89' lang='lat' dir='ltr'>impetrata</span> <span class='ocrx_word' id='word_1_46' title='bbox 790 917 859 963; x_wconf 90' lang='lat' dir='ltr'>sese</span> <span class='ocrx_word' id='word_1_47' title='bbox 876 917 984 962; x_wconf 91' lang='lat' dir='ltr'>omnes</span> <span class='ocrx_word' id='word_1_48' title='bbox 1006 897 1119 964; x_wconf 87' lang='lat' dir='ltr'>flentes</span> <span class='ocrx_word' id='word_1_49' title='bbox 1134 895 1237 964; x_wconf 78' lang='lat' dir='ltr'>Cae-a</span> 
     </span>
     <span class='ocr_line' id='line_1_7' title="bbox 156 1003 1210 1090; baseline -0.003 -20"><span class='ocrx_word' id='word_1_50' title='bbox 156 1008 219 1071; x_wconf 88' lang='lat' dir='ltr'>sari</span> <span class='ocrx_word' id='word_1_51' title='bbox 234 1007 275 1070; x_wconf 88' lang='lat' dir='ltr'>ed</span> <span class='ocrx_word' id='word_1_52' title='bbox 288 1006 384 1090; x_wconf 91' lang='lat' dir='ltr'>pedes</span> <span class='ocrx_word' id='word_1_53' title='bbox 398 1007 612 1090; x_wconf 84' lang='lat' dir='ltr'>proieceumt:</span> <span class='ocrx_word' id='word_1_54' title='bbox 635 1023 702 1068; x_wconf 91' lang='lat' dir='ltr'>non</span> <span class='ocrx_word' id='word_1_55' title='bbox 723 1005 831 1068; x_wconf 89' lang='lat' dir='ltr'>minus</span> <span class='ocrx_word' id='word_1_56' title='bbox 853 1023 887 1069; x_wconf 93' lang='lat' dir='ltr'>se</span> <span class='ocrx_word' id='word_1_57' title='bbox 910 1004 944 1068; x_wconf 91' lang='lat' dir='ltr'>id</span> <span class='ocrx_word' id='word_1_58' title='bbox 967 1003 1156 1069; x_wconf 89' lang='lat' dir='ltr'>contendere</span> <span class='ocrx_word' id='word_1_59' title='bbox 1179 1009 1210 1068; x_wconf 86' lang='lat' dir='ltr'>et</span> 
     </span>
     <span class='ocr_line' id='line_1_8' title="bbox 155 1110 1209 1195; baseline -0.003 -19"><span class='ocrx_word' id='word_1_60' title='bbox 155 1112 311 1194; x_wconf 82' lang='lat' dir='ltr'>laborare,</span> <span class='ocrx_word' id='word_1_61' title='bbox 325 1130 367 1177; x_wconf 91' lang='lat' dir='ltr'>ne</span> <span class='ocrx_word' id='word_1_62' title='bbox 382 1129 427 1194; x_wconf 89' lang='lat' dir='ltr'>ea,</span> <span class='ocrx_word' id='word_1_63' title='bbox 443 1129 524 1195; x_wconf 87' lang='lat' dir='ltr'>quae</span> <span class='ocrx_word' id='word_1_64' title='bbox 541 1111 709 1195; x_wconf 84' lang='lat' dir='ltr'><strong>dixissent,</strong></span> <span class='ocrx_word' id='word_1_65' title='bbox 725 1111 975 1194; x_wconf 80' lang='lat' dir='ltr'>enuntiarentur,</span> <span class='ocrx_word' id='word_1_66' title='bbox 992 1128 1087 1191; x_wconf 92' lang='lat' dir='ltr'>quam</span> <span class='ocrx_word' id='word_1_67' title='bbox 1102 1110 1150 1173; x_wconf 91' lang='lat' dir='ltr'>uti</span> <span class='ocrx_word' id='word_1_68' title='bbox 1164 1129 1209 1193; x_wconf 85' lang='lat' dir='ltr'>ea,</span> 
     </span>
     <span class='ocr_line' id='line_1_9' title="bbox 156 1216 1210 1301; baseline -0.003 -19"><span class='ocrx_word' id='word_1_69' title='bbox 156 1237 238 1301; x_wconf 87' lang='lat' dir='ltr'>quae</span> <span class='ocrx_word' id='word_1_70' title='bbox 260 1218 391 1299; x_wconf 81' lang='lat' dir='ltr'>vellent,</span> <span class='ocrx_word' id='word_1_71' title='bbox 412 1218 629 1301; x_wconf 81' lang='lat' dir='ltr'>impetrarent,</span> <span class='ocrx_word' id='word_1_72' title='bbox 651 1221 816 1301; x_wconf 87' lang='lat' dir='ltr'>propterea</span> <span class='ocrx_word' id='word_1_73' title='bbox 839 1216 935 1299; x_wconf 87' lang='lat' dir='ltr'>quod,</span> <span class='ocrx_word' id='word_1_74' title='bbox 963 1217 990 1280; x_wconf 91' lang='lat' dir='ltr'>si</span> <span class='ocrx_word' id='word_1_75' title='bbox 1013 1216 1210 1280; x_wconf 87' lang='lat' dir='ltr'>enuntiatum</span> 
     </span>
     <span class='ocr_line' id='line_1_10' title="bbox 156 1312 1237 1409; baseline -0.002 -20"><span class='ocrx_word' id='word_1_76' title='bbox 156 1329 251 1409; x_wconf 90' lang='lat' dir='ltr'>esset,</span> <span class='ocrx_word' id='word_1_77' title='bbox 274 1343 436 1389; x_wconf 91' lang='lat' dir='ltr'>summum</span> <span class='ocrx_word' id='word_1_78' title='bbox 458 1323 494 1385; x_wconf 92' lang='lat' dir='ltr'>in</span> <span class='ocrx_word' id='word_1_79' title='bbox 508 1323 683 1386; x_wconf 89' lang='lat' dir='ltr'>cruciatum</span> <span class='ocrx_word' id='word_1_80' title='bbox 705 1341 738 1386; x_wconf 93' lang='lat' dir='ltr'>se</span> <span class='ocrx_word' id='word_1_81' title='bbox 758 1326 910 1387; x_wconf 79' lang='lat' dir='ltr'>venturos</span> <span class='ocrx_word' id='word_1_82' title='bbox 928 1322 1081 1387; x_wconf 80' lang='lat' dir='ltr'>viderent.</span> <span class='ocrx_word' id='word_1_83' title='bbox 1123 1312 1237 1387; x_wconf 84' lang='lat' dir='ltr'>locu-a</span> 
     </span>
     <span class='ocr_line' id='line_1_11' title="bbox 156 1426 1222 1514; baseline -0.005 -18"><span class='ocrx_word' id='word_1_84' title='bbox 156 1436 208 1496; x_wconf 88' lang='lat' dir='ltr'>tus</span> <span class='ocrx_word' id='word_1_85' title='bbox 223 1435 271 1496; x_wconf 90' lang='lat' dir='ltr'>est</span> <span class='ocrx_word' id='word_1_86' title='bbox 284 1449 341 1514; x_wconf 91' lang='lat' dir='ltr'>pro</span> <span class='ocrx_word' id='word_1_87' title='bbox 356 1429 408 1493; x_wconf 90' lang='lat' dir='ltr'>his</span> <span class='ocrx_word' id='word_1_88' title='bbox 422 1428 605 1493; x_wconf 81' lang='lat' dir='ltr'>Diviciacus</span> <span class='ocrx_word' id='word_1_89' title='bbox 619 1426 787 1493; x_wconf 82' lang='lat' dir='ltr'>Haeduus:</span> <span class='ocrx_word' id='word_1_90' title='bbox 812 1427 932 1492; x_wconf 82' lang='lat' dir='ltr'>Galliae</span> <span class='ocrx_word' id='word_1_91' title='bbox 947 1429 1043 1491; x_wconf 87' lang='lat' dir='ltr'>totius</span> <span class='ocrx_word' id='word_1_92' title='bbox 1057 1428 1222 1492; x_wconf 78' lang='lat' dir='ltr'>factiones·</span> 
     </span>
     <span class='ocr_line' id='line_1_12' title="bbox 156 1533 1210 1618; baseline -0.004 -16"><span class='ocrx_word' id='word_1_93' title='bbox 156 1556 226 1602; x_wconf 86' lang='lat' dir='ltr'>esse</span> <span class='ocrx_word' id='word_1_94' title='bbox 258 1537 349 1615; x_wconf 82' lang='lat' dir='ltr'>duas3</span> <span class='ocrx_word' id='word_1_95' title='bbox 382 1535 495 1598; x_wconf 90' lang='lat' dir='ltr'>harum</span> <span class='ocrx_word' id='word_1_96' title='bbox 521 1535 652 1599; x_wconf 89' lang='lat' dir='ltr'>alterius</span> <span class='ocrx_word' id='word_1_97' title='bbox 677 1534 891 1618; x_wconf 81' lang='lat' dir='ltr'>principatum</span> <span class='ocrx_word' id='word_1_98' title='bbox 918 1539 1025 1599; x_wconf 88' lang='lat' dir='ltr'>tenere</span> <span class='ocrx_word' id='word_1_99' title='bbox 1051 1533 1210 1618; x_wconf 86' lang='lat' dir='ltr'>Haeduos,</span> 
     </span>
     <span class='ocr_line' id='line_1_13' title="bbox 157 1640 1238 1724; baseline -0.002 -17"><span class='ocrx_word' id='word_1_100' title='bbox 157 1643 286 1707; x_wconf 88' lang='lat' dir='ltr'>alterius</span> <span class='ocrx_word' id='word_1_101' title='bbox 300 1642 471 1706; x_wconf 84' lang='lat' dir='ltr'>Arvernos.</span> <span class='ocrx_word' id='word_1_102' title='bbox 509 1641 542 1703; x_wconf 91' lang='lat' dir='ltr'>hi</span> <span class='ocrx_word' id='word_1_103' title='bbox 565 1660 639 1705; x_wconf 89' lang='lat' dir='ltr'>cum</span> <span class='ocrx_word' id='word_1_104' title='bbox 660 1645 820 1724; x_wconf 86' lang='lat' dir='ltr'>tantopere</span> <span class='ocrx_word' id='word_1_105' title='bbox 837 1640 876 1706; x_wconf 90' lang='lat' dir='ltr'>de</span> <span class='ocrx_word' id='word_1_106' title='bbox 894 1644 1058 1724; x_wconf 84' lang='lat' dir='ltr'>potentatu</span> <span class='ocrx_word' id='word_1_107' title='bbox 1078 1640 1162 1704; x_wconf 88' lang='lat' dir='ltr'>inter</span> <span class='ocrx_word' id='word_1_108' title='bbox 1176 1659 1238 1705; x_wconf 79' lang='lat' dir='ltr'>sec</span> 
     </span>
     <span class='ocr_line' id='line_1_14' title="bbox 156 1745 1210 1829; baseline -0.003 -17"><span class='ocrx_word' id='word_1_109' title='bbox 156 1749 273 1813; x_wconf 89' lang='lat' dir='ltr'>multos</span> <span class='ocrx_word' id='word_1_110' title='bbox 295 1766 396 1811; x_wconf 89' lang='lat' dir='ltr'>annos</span> <span class='ocrx_word' id='word_1_111' title='bbox 418 1747 659 1821; x_wconf 78' lang='lat' dir='ltr'>contenderent,</span> <span class='ocrx_word' id='word_1_112' title='bbox 682 1746 799 1811; x_wconf 85' lang='lat' dir='ltr'>factum</span> <span class='ocrx_word' id='word_1_113' title='bbox 824 1764 905 1829; x_wconf 90' lang='lat' dir='ltr'>esse,</span> <span class='ocrx_word' id='word_1_114' title='bbox 928 1747 976 1811; x_wconf 92' lang='lat' dir='ltr'>uti</span> <span class='ocrx_word' id='word_1_115' title='bbox 999 1745 1037 1810; x_wconf 86' lang='lat' dir='ltr'>ab</span> <span class='ocrx_word' id='word_1_116' title='bbox 1056 1747 1210 1811; x_wconf 82' lang='lat' dir='ltr'>Arvernis</span> 
     </span>
     <span class='ocr_line' id='line_1_15' title="bbox 157 1852 1237 1938; baseline -0.002 -19"><span class='ocrx_word' id='word_1_117' title='bbox 157 1853 377 1938; x_wconf 82' lang='lat' dir='ltr'>Sequanisque</span> <span class='ocrx_word' id='word_1_118' title='bbox 398 1852 547 1919; x_wconf 82' lang='lat' dir='ltr'>Germani</span> <span class='ocrx_word' id='word_1_119' title='bbox 566 1853 713 1917; x_wconf 90' lang='lat' dir='ltr'>mercede</span> <span class='ocrx_word' id='word_1_120' title='bbox 732 1857 973 1916; x_wconf 89' lang='lat' dir='ltr'>arcesserentur.</span> <span class='ocrx_word' id='word_1_121' title='bbox 1015 1853 1128 1916; x_wconf 92' lang='lat' dir='ltr'>horum</span> <span class='ocrx_word' id='word_1_122' title='bbox 1145 1852 1237 1937; x_wconf 77' lang='lat' dir='ltr'>pri-a</span> 
     </span>
     <span class='ocr_line' id='line_1_16' title="bbox 155 1958 1314 2042; baseline -0.003 -18"><span class='ocrx_word' id='word_1_123' title='bbox 155 1979 208 2024; x_wconf 91' lang='lat' dir='ltr'>mo</span> <span class='ocrx_word' id='word_1_124' title='bbox 223 1960 347 2024; x_wconf 88' lang='lat' dir='ltr'>circiter</span> <span class='ocrx_word' id='word_1_125' title='bbox 359 1959 449 2022; x_wconf 88' lang='lat' dir='ltr'>milia</span> <span class='ocrx_word' id='word_1_126' title='bbox 462 1958 527 2022; x_wconf 88' lang='lat' dir='ltr'>XV</span> <span class='ocrx_word' id='word_1_127' title='bbox 545 1958 695 2023; x_wconf 88' lang='lat' dir='ltr'>Rhenum</span> <span class='ocrx_word' id='word_1_128' title='bbox 712 1959 874 2039; x_wconf 85' lang='lat' dir='ltr'>transisse;</span> <span class='ocrx_word' id='word_1_129' title='bbox 893 1963 1099 2042; x_wconf 86' lang='lat' dir='ltr'>posteaquam</span> <span class='ocrx_word' id='word_1_130' title='bbox 1119 1977 1210 2042; x_wconf 83' lang='lat' dir='ltr'>agros</span> <span class='ocrx_word' id='word_1_131' title='bbox 1311 2026 1314 2031; x_wconf 61' lang='grc'><strong><em>,</em></strong></span> 
     </span>
     <span class='ocr_line' id='line_1_17' title="bbox 155 2062 1209 2149; baseline -0.006 -17"><span class='ocrx_word' id='word_1_132' title='bbox 155 2071 189 2132; x_wconf 89' lang='lat' dir='ltr'>et</span> <span class='ocrx_word' id='word_1_133' title='bbox 214 2066 338 2131; x_wconf 89' lang='lat' dir='ltr'>cultum</span> <span class='ocrx_word' id='word_1_134' title='bbox 369 2069 401 2132; x_wconf 90' lang='lat' dir='ltr'>et</span> <span class='ocrx_word' id='word_1_135' title='bbox 433 2066 538 2149; x_wconf 90' lang='lat' dir='ltr'>copias</span> <span class='ocrx_word' id='word_1_136' title='bbox 567 2062 730 2128; x_wconf 84' lang='lat' dir='ltr'>Gallorum</span> <span class='ocrx_word' id='word_1_137' title='bbox 757 2065 903 2129; x_wconf 90' lang='lat' dir='ltr'>homines</span> <span class='ocrx_word' id='word_1_138' title='bbox 935 2064 993 2128; x_wconf 85' lang='lat' dir='ltr'>feri</span> <span class='ocrx_word' id='word_1_139' title='bbox 1020 2083 1057 2128; x_wconf 90' lang='lat' dir='ltr'>ac</span> <span class='ocrx_word' id='word_1_140' title='bbox 1084 2064 1209 2128; x_wconf 90' lang='lat' dir='ltr'>barbari</span> 
     </span>
     <span class='ocr_line' id='line_1_18' title="bbox 156 2167 1211 2256; baseline -0.004 -20"><span class='ocrx_word' id='word_1_141' title='bbox 156 2173 366 2256; x_wconf 90' lang='lat' dir='ltr'>adamassent,</span> <span class='ocrx_word' id='word_1_142' title='bbox 393 2172 554 2236; x_wconf 90' lang='lat' dir='ltr'>traductos</span> <span class='ocrx_word' id='word_1_143' title='bbox 576 2170 698 2254; x_wconf 88' lang='lat' dir='ltr'>plures;</span> <span class='ocrx_word' id='word_1_144' title='bbox 726 2189 814 2234; x_wconf 88' lang='lat' dir='ltr'>nunc</span> <span class='ocrx_word' id='word_1_145' title='bbox 841 2189 910 2235; x_wconf 89' lang='lat' dir='ltr'>esse</span> <span class='ocrx_word' id='word_1_146' title='bbox 933 2171 968 2234; x_wconf 93' lang='lat' dir='ltr'>in</span> <span class='ocrx_word' id='word_1_147' title='bbox 992 2170 1093 2234; x_wconf 82' lang='lat' dir='ltr'>Gallia</span> <span class='ocrx_word' id='word_1_148' title='bbox 1120 2169 1160 2233; x_wconf 86' lang='lat' dir='ltr'>ad</span> <span class='ocrx_word' id='word_1_149' title='bbox 1188 2167 1211 2232; x_wconf 84' lang='lat' dir='ltr'>C</span> 
     </span>
     <span class='ocr_line' id='line_1_19' title="bbox 156 2274 1237 2359; baseline -0.002 -14"><span class='ocrx_word' id='word_1_150' title='bbox 156 2284 188 2344; x_wconf 91' lang='lat' dir='ltr'>et</span> <span class='ocrx_word' id='word_1_151' title='bbox 212 2278 282 2344; x_wconf 87' lang='lat' dir='ltr'>XX</span> <span class='ocrx_word' id='word_1_152' title='bbox 307 2277 432 2342; x_wconf 90' lang='lat' dir='ltr'>milium</span> <span class='ocrx_word' id='word_1_153' title='bbox 458 2295 638 2341; x_wconf 91' lang='lat' dir='ltr'>numerum.</span> <span class='ocrx_word' id='word_1_154' title='bbox 683 2295 757 2340; x_wconf 92' lang='lat' dir='ltr'>cum</span> <span class='ocrx_word' id='word_1_155' title='bbox 783 2277 833 2340; x_wconf 91' lang='lat' dir='ltr'>his</span> <span class='ocrx_word' id='word_1_156' title='bbox 857 2274 1009 2341; x_wconf 85' lang='lat' dir='ltr'>Haeduos</span> <span class='ocrx_word' id='word_1_157' title='bbox 1038 2294 1237 2359; x_wconf 85' lang='lat' dir='ltr'>eorumquae</span> 
     </span>
     <span class='ocr_line' id='line_1_20' title="bbox 154 2381 1210 2467; baseline -0.004 -18"><span class='ocrx_word' id='word_1_158' title='bbox 154 2386 287 2450; x_wconf 89' lang='lat' dir='ltr'>clientes</span> <span class='ocrx_word' id='word_1_159' title='bbox 309 2383 407 2449; x_wconf 91' lang='lat' dir='ltr'>semel</span> <span class='ocrx_word' id='word_1_160' title='bbox 434 2387 529 2466; x_wconf 90' lang='lat' dir='ltr'>atque</span> <span class='ocrx_word' id='word_1_161' title='bbox 556 2382 672 2446; x_wconf 88' lang='lat' dir='ltr'>iterum</span> <span class='ocrx_word' id='word_1_162' title='bbox 700 2381 797 2445; x_wconf 90' lang='lat' dir='ltr'>armis</span> <span class='ocrx_word' id='word_1_163' title='bbox 824 2383 1037 2464; x_wconf 88' lang='lat' dir='ltr'>contendisse;</span> <span class='ocrx_word' id='word_1_164' title='bbox 1064 2401 1210 2467; x_wconf 79' lang='lat' dir='ltr'>maguam</span> 
     </span>
     <span class='ocr_line' id='line_1_21' title="bbox 155 2488 1208 2573; baseline -0.002 -18"><span class='ocrx_word' id='word_1_165' title='bbox 155 2491 365 2556; x_wconf 73' lang='lat' dir='ltr'>calamitatem</span> <span class='ocrx_word' id='word_1_166' title='bbox 383 2489 492 2573; x_wconf 90' lang='lat' dir='ltr'>pulses</span> <span class='ocrx_word' id='word_1_167' title='bbox 511 2489 681 2572; x_wconf 86' lang='lat' dir='ltr'>accepisse,</span> <span class='ocrx_word' id='word_1_168' title='bbox 705 2507 832 2554; x_wconf 91' lang='lat' dir='ltr'>emnem</span> <span class='ocrx_word' id='word_1_169' title='bbox 848 2488 1060 2571; x_wconf 86' lang='lat' dir='ltr'>nobilitatem,</span> <span class='ocrx_word' id='word_1_170' title='bbox 1084 2506 1208 2553; x_wconf 90' lang='lat' dir='ltr'>omnem</span> 
     </span>
     <span class='ocr_line' id='line_1_22' title="bbox 155 2594 1238 2680; baseline 0.001 -18"><span class='ocrx_word' id='word_1_171' title='bbox 155 2602 315 2680; x_wconf 77' lang='lat' dir='ltr'>senatum,</span> <span class='ocrx_word' id='word_1_172' title='bbox 339 2615 467 2661; x_wconf 90' lang='lat' dir='ltr'>omnem</span> <span class='ocrx_word' id='word_1_173' title='bbox 489 2595 664 2678; x_wconf 89' lang='lat' dir='ltr'>equitatum</span> <span class='ocrx_word' id='word_1_174' title='bbox 683 2595 832 2659; x_wconf 88' lang='lat' dir='ltr'>amisisse.</span> <span class='ocrx_word' id='word_1_175' title='bbox 879 2594 995 2677; x_wconf 90' lang='lat' dir='ltr'>quibus</span> <span class='ocrx_word' id='word_1_176' title='bbox 1010 2595 1138 2678; x_wconf 88' lang='lat' dir='ltr'>proeliis</span> <span class='ocrx_word' id='word_1_177' title='bbox 1160 2614 1238 2664; x_wconf 72' lang='lat' dir='ltr'>aar</span> 
     </span>
     <span class='ocr_line' id='line_1_23' title="bbox 156 2700 1210 2788; baseline -0.001 -21"><span class='ocrx_word' id='word_1_178' title='bbox 156 2703 413 2788; x_wconf 82' lang='lat' dir='ltr'>lamitatibusque</span> <span class='ocrx_word' id='word_1_179' title='bbox 428 2700 556 2784; x_wconf 82' lang='lat' dir='ltr'>fractos,</span> <span class='ocrx_word' id='word_1_180' title='bbox 576 2701 679 2784; x_wconf 87' lang='lat' dir='ltr'>quiet</span> <span class='ocrx_word' id='word_1_181' title='bbox 695 2721 754 2765; x_wconf 88' lang='lat' dir='ltr'>sua</span> <span class='ocrx_word' id='word_1_182' title='bbox 768 2702 886 2765; x_wconf 77' lang='lat' dir='ltr'>virtute</span> <span class='ocrx_word' id='word_1_183' title='bbox 904 2705 936 2765; x_wconf 92' lang='lat' dir='ltr'>et</span> <span class='ocrx_word' id='word_1_184' title='bbox 952 2701 1062 2784; x_wconf 92' lang='lat' dir='ltr'>populi</span> <span class='ocrx_word' id='word_1_185' title='bbox 1076 2701 1210 2766; x_wconf 86' lang='lat' dir='ltr'>Romani</span> 
     </span>
     <span class='ocr_line' id='line_1_24' title="bbox 156 2806 1211 2894; baseline -0.002 -21"><span class='ocrx_word' id='word_1_186' title='bbox 156 2809 294 2894; x_wconf 90' lang='lat' dir='ltr'>hospitio</span> <span class='ocrx_word' id='word_1_187' title='bbox 313 2813 408 2891; x_wconf 87' lang='lat' dir='ltr'>atque</span> <span class='ocrx_word' id='word_1_188' title='bbox 423 2807 563 2871; x_wconf 88' lang='lat' dir='ltr'>amicitia</span> <span class='ocrx_word' id='word_1_189' title='bbox 579 2806 753 2891; x_wconf 90' lang='lat' dir='ltr'>plurimum</span> <span class='ocrx_word' id='word_1_190' title='bbox 770 2811 842 2871; x_wconf 90' lang='lat' dir='ltr'>ante</span> <span class='ocrx_word' id='word_1_191' title='bbox 860 2807 896 2871; x_wconf 88' lang='lat' dir='ltr'>in</span> <span class='ocrx_word' id='word_1_192' title='bbox 912 2806 1015 2871; x_wconf 80' lang='lat' dir='ltr'>Gallia</span> <span class='ocrx_word' id='word_1_193' title='bbox 1028 2809 1211 2891; x_wconf 89' lang='lat' dir='ltr'>potuissent,</span> 
     </span>
     <span class='ocr_line' id='line_1_25' title="bbox 156 2912 1212 2995; baseline -0.002 -15"><span class='ocrx_word' id='word_1_194' title='bbox 156 2919 282 2980; x_wconf 88' lang='lat' dir='ltr'>coactos</span> <span class='ocrx_word' id='word_1_195' title='bbox 309 2933 377 2979; x_wconf 89' lang='lat' dir='ltr'>esse</span> <span class='ocrx_word' id='word_1_196' title='bbox 400 2912 557 2995; x_wconf 81' lang='lat' dir='ltr'>Sequanis</span> <span class='ocrx_word' id='word_1_197' title='bbox 584 2912 711 2977; x_wconf 88' lang='lat' dir='ltr'>obsides</span> <span class='ocrx_word' id='word_1_198' title='bbox 738 2913 813 2978; x_wconf 89' lang='lat' dir='ltr'>dare</span> <span class='ocrx_word' id='word_1_199' title='bbox 835 2913 1049 2977; x_wconf 88' lang='lat' dir='ltr'>nobilissimos</span> <span class='ocrx_word' id='word_1_200' title='bbox 1076 2914 1212 2978; x_wconf 81' lang='lat' dir='ltr'>civitatis</span> 
     </span>
     <span class='ocr_line' id='line_1_26' title="bbox 157 3018 1212 3102; baseline -0.002 -17"><span class='ocrx_word' id='word_1_201' title='bbox 157 3026 190 3086; x_wconf 92' lang='lat' dir='ltr'>et</span> <span class='ocrx_word' id='word_1_202' title='bbox 215 3021 284 3086; x_wconf 92' lang='lat' dir='ltr'>iure</span> <span class='ocrx_word' id='word_1_203' title='bbox 311 3019 446 3083; x_wconf 89' lang='lat' dir='ltr'>iurando</span> <span class='ocrx_word' id='word_1_204' title='bbox 470 3019 629 3083; x_wconf 80' lang='lat' dir='ltr'>civitatem</span> <span class='ocrx_word' id='word_1_205' title='bbox 653 3018 846 3102; x_wconf 82' lang='lat' dir='ltr'>obstringere</span> <span class='ocrx_word' id='word_1_206' title='bbox 869 3037 938 3083; x_wconf 87' lang='lat' dir='ltr'>sese</span> <span class='ocrx_word' id='word_1_207' title='bbox 959 3038 1064 3101; x_wconf 92' lang='lat' dir='ltr'>neque</span> <span class='ocrx_word' id='word_1_208' title='bbox 1088 3019 1212 3084; x_wconf 90' lang='lat' dir='ltr'>obsides</span> 
     </span>
    </p>
   </div>
   <div class='ocr_carea' id='block_1_3' title="bbox 1265 1082 1282 1119">
    <p class='ocr_par' dir='ltr' id='par_1_3' title="bbox 1265 1082 1282 1119">
     <span class='ocr_line' id='line_1_27' title="bbox 1265 1082 1282 1119; baseline 0 0"><span class='ocrx_word' id='word_1_209' title='bbox 1265 1082 1282 1119; x_wconf 58' lang='grc' dir='ltr'>ἢ</span> 
     </span>
    </p>
   </div>
   <div class='ocr_carea' id='block_1_4' title="bbox 159 3124 1317 4146">
    <p class='ocr_par' dir='ltr' id='par_1_4' title="bbox 159 3124 1317 4146">
     <span class='ocr_line' id='line_1_28' title="bbox 159 3124 1213 3210; baseline -0.002 -20"><span class='ocrx_word' id='word_1_210' title='bbox 159 3126 347 3210; x_wconf 88' lang='lat' dir='ltr'>repetituros</span> <span class='ocrx_word' id='word_1_211' title='bbox 368 3144 474 3208; x_wconf 87' lang='lat' dir='ltr'>neque</span> <span class='ocrx_word' id='word_1_212' title='bbox 496 3124 654 3188; x_wconf 83' lang='lat' dir='ltr'>auxilium</span> <span class='ocrx_word' id='word_1_213' title='bbox 681 3143 700 3187; x_wconf 91' lang='lat' dir='ltr'>a</span> <span class='ocrx_word' id='word_1_214' title='bbox 723 3124 839 3208; x_wconf 93' lang='lat' dir='ltr'>populo</span> <span class='ocrx_word' id='word_1_215' title='bbox 862 3124 1005 3189; x_wconf 88' lang='lat' dir='ltr'>Romano</span> <span class='ocrx_word' id='word_1_216' title='bbox 1027 3125 1213 3208; x_wconf 88' lang='lat' dir='ltr'>imploratu-</span> 
     </span>
     <span class='ocr_line' id='line_1_29' title="bbox 159 3230 1213 3314; baseline 0 -18"><span class='ocrx_word' id='word_1_217' title='bbox 159 3252 212 3297; x_wconf 87' lang='lat' dir='ltr'>ros</span> <span class='ocrx_word' id='word_1_218' title='bbox 239 3249 343 3313; x_wconf 90' lang='lat' dir='ltr'>neque</span> <span class='ocrx_word' id='word_1_219' title='bbox 369 3234 584 3312; x_wconf 84' lang='lat' dir='ltr'>recusaturos,</span> <span class='ocrx_word' id='word_1_220' title='bbox 613 3231 785 3313; x_wconf 88' lang='lat' dir='ltr'>quominus</span> <span class='ocrx_word' id='word_1_221' title='bbox 813 3236 965 3314; x_wconf 90' lang='lat' dir='ltr'>perpetuo</span> <span class='ocrx_word' id='word_1_222' title='bbox 997 3230 1055 3295; x_wconf 90' lang='lat' dir='ltr'>sub</span> <span class='ocrx_word' id='word_1_223' title='bbox 1085 3231 1213 3296; x_wconf 92' lang='lat' dir='ltr'>illorum</span> 
     </span>
     <span class='ocr_line' id='line_1_30' title="bbox 160 3336 1240 3419; baseline 0.004 -17"><span class='ocrx_word' id='word_1_224' title='bbox 160 3338 286 3402; x_wconf 88' lang='lat' dir='ltr'>dicione</span> <span class='ocrx_word' id='word_1_225' title='bbox 305 3341 400 3419; x_wconf 90' lang='lat' dir='ltr'>atque</span> <span class='ocrx_word' id='word_1_226' title='bbox 417 3336 551 3419; x_wconf 89' lang='lat' dir='ltr'>imperio</span> <span class='ocrx_word' id='word_1_227' title='bbox 570 3339 682 3400; x_wconf 87' lang='lat' dir='ltr'>essent.</span> <span class='ocrx_word' id='word_1_228' title='bbox 713 3355 813 3399; x_wconf 90' lang='lat' dir='ltr'>unum</span> <span class='ocrx_word' id='word_1_229' title='bbox 832 3355 867 3400; x_wconf 91' lang='lat' dir='ltr'>se</span> <span class='ocrx_word' id='word_1_230' title='bbox 886 3355 953 3402; x_wconf 90' lang='lat' dir='ltr'>esse</span> <span class='ocrx_word' id='word_1_231' title='bbox 973 3356 1015 3401; x_wconf 85' lang='lat' dir='ltr'>ex</span> <span class='ocrx_word' id='word_1_232' title='bbox 1032 3338 1120 3400; x_wconf 90' lang='lat' dir='ltr'>omni</span> <span class='ocrx_word' id='word_1_233' title='bbox 1136 3338 1240 3406; x_wconf 80' lang='lat' dir='ltr'>civi-s</span> 
     </span>
     <span class='ocr_line' id='line_1_31' title="bbox 161 3441 1214 3526; baseline 0.001 -18"><span class='ocrx_word' id='word_1_234' title='bbox 161 3449 223 3508; x_wconf 84' lang='lat' dir='ltr'>tate</span> <span class='ocrx_word' id='word_1_235' title='bbox 246 3442 465 3524; x_wconf 89' lang='lat' dir='ltr'>Haeduorum,</span> <span class='ocrx_word' id='word_1_236' title='bbox 489 3441 545 3524; x_wconf 89' lang='lat' dir='ltr'>qui</span> <span class='ocrx_word' id='word_1_237' title='bbox 567 3441 683 3505; x_wconf 88' lang='lat' dir='ltr'>adduci</span> <span class='ocrx_word' id='word_1_238' title='bbox 704 3460 772 3505; x_wconf 93' lang='lat' dir='ltr'>non</span> <span class='ocrx_word' id='word_1_239' title='bbox 785 3442 935 3526; x_wconf 88' lang='lat' dir='ltr'>potuerit,</span> <span class='ocrx_word' id='word_1_240' title='bbox 957 3447 995 3506; x_wconf 92' lang='lat' dir='ltr'>ut</span> <span class='ocrx_word' id='word_1_241' title='bbox 1017 3442 1136 3508; x_wconf 90' lang='lat' dir='ltr'>iuraret</span> <span class='ocrx_word' id='word_1_242' title='bbox 1159 3451 1214 3509; x_wconf 88' lang='lat' dir='ltr'>aut</span> 
     </span>
     <span class='ocr_line' id='line_1_32' title="bbox 161 3546 1241 3618; baseline 0.005 -5"><span class='ocrx_word' id='word_1_243' title='bbox 161 3550 277 3614; x_wconf 91' lang='lat' dir='ltr'>liberos</span> <span class='ocrx_word' id='word_1_244' title='bbox 301 3566 376 3613; x_wconf 89' lang='lat' dir='ltr'>suos</span> <span class='ocrx_word' id='word_1_245' title='bbox 403 3546 529 3611; x_wconf 91' lang='lat' dir='ltr'>obsides</span> <span class='ocrx_word' id='word_1_246' title='bbox 557 3547 652 3611; x_wconf 84' lang='lat' dir='ltr'>daret</span> <span class='ocrx_word' id='word_1_247' title='bbox 698 3546 738 3610; x_wconf 92' lang='lat' dir='ltr'>ob</span> <span class='ocrx_word' id='word_1_248' title='bbox 766 3566 836 3612; x_wconf 85' lang='lat' dir='ltr'>eam</span> <span class='ocrx_word' id='word_1_249' title='bbox 861 3566 929 3611; x_wconf 90' lang='lat' dir='ltr'>rem</span> <span class='ocrx_word' id='word_1_250' title='bbox 957 3567 990 3614; x_wconf 93' lang='lat' dir='ltr'>se</span> <span class='ocrx_word' id='word_1_251' title='bbox 1018 3567 1060 3612; x_wconf 87' lang='lat' dir='ltr'>ex</span> <span class='ocrx_word' id='word_1_252' title='bbox 1086 3549 1241 3618; x_wconf 80' lang='lat' dir='ltr'>civitatee</span> 
     </span>
     <span class='ocr_line' id='line_1_33' title="bbox 162 3651 1214 3741; baseline 0.001 -21"><span class='ocrx_word' id='word_1_253' title='bbox 162 3655 338 3741; x_wconf 86' lang='lat' dir='ltr'>profugisse</span> <span class='ocrx_word' id='word_1_254' title='bbox 362 3657 394 3717; x_wconf 91' lang='lat' dir='ltr'>et</span> <span class='ocrx_word' id='word_1_255' title='bbox 409 3651 543 3717; x_wconf 89' lang='lat' dir='ltr'>Romam</span> <span class='ocrx_word' id='word_1_256' title='bbox 566 3653 606 3717; x_wconf 90' lang='lat' dir='ltr'>ad</span> <span class='ocrx_word' id='word_1_257' title='bbox 626 3657 771 3718; x_wconf 87' lang='lat' dir='ltr'>senatum</span> <span class='ocrx_word' id='word_1_258' title='bbox 789 3654 915 3718; x_wconf 83' lang='lat' dir='ltr'>venisse</span> <span class='ocrx_word' id='word_1_259' title='bbox 933 3654 1090 3718; x_wconf 86' lang='lat' dir='ltr'>auxilium</span> <span class='ocrx_word' id='word_1_260' title='bbox 1106 3660 1214 3740; x_wconf 90' lang='lat' dir='ltr'>postu-</span> 
     </span>
     <span class='ocr_line' id='line_1_34' title="bbox 164 3759 1215 3845; baseline 0.001 -19"><span class='ocrx_word' id='word_1_261' title='bbox 164 3764 275 3845; x_wconf 85' lang='lat' dir='ltr'>latum,</span> <span class='ocrx_word' id='word_1_262' title='bbox 307 3760 394 3843; x_wconf 92' lang='lat' dir='ltr'>quod</span> <span class='ocrx_word' id='word_1_263' title='bbox 420 3759 507 3823; x_wconf 86' lang='lat' dir='ltr'>solus</span> <span class='ocrx_word' id='word_1_264' title='bbox 533 3776 637 3843; x_wconf 91' lang='lat' dir='ltr'>neque</span> <span class='ocrx_word' id='word_1_265' title='bbox 663 3759 893 3823; x_wconf 89' lang='lat' dir='ltr'>iureiurando</span> <span class='ocrx_word' id='word_1_266' title='bbox 920 3779 1025 3843; x_wconf 91' lang='lat' dir='ltr'>neque</span> <span class='ocrx_word' id='word_1_267' title='bbox 1051 3760 1215 3829; x_wconf 87' lang='lat' dir='ltr'>obsidibus</span> 
     </span>
     <span class='ocr_line' id='line_1_35' title="bbox 163 3863 1317 3953; baseline 0.002 -21"><span class='ocrx_word' id='word_1_268' title='bbox 163 3871 332 3933; x_wconf 86' lang='lat' dir='ltr'>teneretur.</span> <span class='ocrx_word' id='word_1_269' title='bbox 377 3865 433 3930; x_wconf 87' lang='lat' dir='ltr'>sed</span> <span class='ocrx_word' id='word_1_270' title='bbox 460 3866 550 3948; x_wconf 90' lang='lat' dir='ltr'>peius</span> <span class='ocrx_word' id='word_1_271' title='bbox 576 3864 750 3930; x_wconf 80' lang='lat' dir='ltr'>victoribus</span> <span class='ocrx_word' id='word_1_272' title='bbox 772 3863 926 3948; x_wconf 85' lang='lat' dir='ltr'>Sequanis</span> <span class='ocrx_word' id='word_1_273' title='bbox 954 3885 1049 3949; x_wconf 89' lang='lat' dir='ltr'>quam</span> <span class='ocrx_word' id='word_1_274' title='bbox 1071 3866 1217 3935; x_wconf 83' lang='lat' dir='ltr'>Haeduis</span> <span class='ocrx_word' id='word_1_275' title='bbox 1229 3892 1258 3941; x_wconf 79' lang='grc' dir='ltr'>ιο</span> <span class='ocrx_word' id='word_1_276' title='bbox 1308 3918 1317 3953; x_wconf 40' lang='grc'>,-</span> 
     </span>
     <span class='ocr_line' id='line_1_36' title="bbox 165 3968 1218 4057; baseline 0.004 -21"><span class='ocrx_word' id='word_1_277' title='bbox 165 3974 257 4038; x_wconf 81' lang='lat' dir='ltr'>victis</span> <span class='ocrx_word' id='word_1_278' title='bbox 280 3972 445 4055; x_wconf 89' lang='lat' dir='ltr'>accidisse,</span> <span class='ocrx_word' id='word_1_279' title='bbox 466 3975 631 4056; x_wconf 89' lang='lat' dir='ltr'>propterea</span> <span class='ocrx_word' id='word_1_280' title='bbox 649 3970 734 4056; x_wconf 90' lang='lat' dir='ltr'>quod</span> <span class='ocrx_word' id='word_1_281' title='bbox 751 3971 944 4057; x_wconf 84' lang='lat' dir='ltr'>Ariovistus,</span> <span class='ocrx_word' id='word_1_282' title='bbox 967 3991 1027 4038; x_wconf 88' lang='lat' dir='ltr'>rex</span> <span class='ocrx_word' id='word_1_283' title='bbox 1045 3968 1218 4041; x_wconf 79' lang='lat' dir='ltr'>Germano·</span> 
     </span>
     <span class='ocr_line' id='line_1_37' title="bbox 210 4072 1232 4146; baseline -0.013 -8"><span class='ocrx_word' id='word_1_284' title='bbox 210 4093 298 4146; x_wconf 69' lang='lat' dir='ltr'>cmu,</span> <span class='ocrx_word' id='word_1_285' title='bbox 312 4093 339 4139; x_wconf 83' lang='lat' dir='ltr'>e.</span> <span class='ocrx_word' id='word_1_286' title='bbox 353 4091 409 4137; x_wconf 80' lang='lat' dir='ltr'>cm.</span> <span class='ocrx_word' id='word_1_287' title='bbox 1050 4074 1079 4127; x_wconf 63' lang='lat' dir='ltr'>*a</span> <span class='ocrx_word' id='word_1_288' title='bbox 1226 4072 1232 4081; x_wconf 83' lang='lat'>&#39;</span> 
     </span>
    </p>
   </div>
   <div class='ocr_carea' id='block_1_5' title="bbox 0 0 1386 4424">
    <p class='ocr_par' dir='ltr' id='par_1_5' title="bbox 0 0 1386 4424">
     <span class='ocr_line' id='line_1_38' title="bbox 0 0 1386 4424; baseline 0 0"><span class='ocrx_word' id='word_1_289' title='bbox 0 0 1386 4424; x_wconf 95' lang='lat' dir='ltr'> </span> 
     </span>
    </p>
   </div>
  </div>
 </body>
</html>
