2738 4424
441 283 549 340 LIBER
565 284 627 339 VIL
647 283 722 340 OAP.
741 283 862 340 32-36.
900 278 903 281 ’
1117 265 1179 330 149

214 443 286 509 Ηο0
308 443 434 511 decreto
457 446 642 529 interposito
666 447 845 510 cohortatus
863 445 1026 528 Haeduos,
1048 447 1086 506 ut
1107 462 1180 507 con-
1197 448 1234 504 31

126 551 352 614 troversiarum
379 570 417 616 ac
440 551 645 616 dissensionis
674 551 933 616 obliviscerentur
957 553 1052 632 atque
1080 549 1182 612 omni·

127 656 187 720 bus
210 656 335 721 omissis
358 655 431 740 [his]
459 656 555 720 rebus
577 657 652 720 huic
673 657 757 722 bello
780 656 934 720 servirent
960 673 1073 738 eaque,
1101 671 1182 736 quae

127 763 329 846 meruissent,
352 762 491 845 praemia
513 762 552 826 ab
567 782 600 827 se
619 763 743 828 devicta
757 762 859 827 Gallia
878 764 1080 845 expectarent
1094 759 1183 843 equi·

128 872 291 951 totumque
314 885 440 931 omnem
462 872 494 932 et
514 867 659 952 peditum
681 869 770 932 milia
788 866 824 931 X
846 868 906 932 sibi
921 866 1065 931 celeriter
1079 866 1183 930 mitte·

128 979 211 1057 rent,
235 992 316 1055 quae
338 974 374 1037 in
395 974 560 1057 praesidiis
581 975 628 1038 rei
642 974 866 1039 frumentariae
881 993 977 1037 causa
995 970 1183 1055 disponeret

129 1080 304 1145 exereitum
326 1079 361 1143 in
385 1080 463 1144 duas
485 1083 589 1163 partes
608 1079 728 1144 divisit:
754 1084 901 1163 quattuor
914 1079 1056 1162 legiones
1079 1077 1113 1140 in
1129 1075 1209 1144 Ser

128 1203 228 1250 nones
254 1185 455 1268 Parisiosque
482 1183 622 1250 Labieno
650 1185 810 1249 ducendas
837 1185 937 1267 dedit,
968 1201 1026 1248 sex
1051 1183 1118 1266 ipse
1149 1182 1184 1244 in

129 1291 291 1355 Arvernos
314 1290 355 1354 ad
370 1291 521 1374 oppidum
539 1290 730 1374 Gergoviam
745 1291 920 1356 secundum
935 1289 1055 1354 flumen
1069 1289 1185 1352 Elaver

129 1397 234 1479 duxit,
258 1399 417 1480 equitatus
438 1400 560 1480 partem
581 1397 630 1460 illi
653 1396 807 1479 attribuit,
829 1400 950 1480 partem
965 1395 1026 1460 sibi
1047 1394 1183 1478 reliquit

129 1522 193 1585 qua
214 1521 249 1566 re
273 1503 399 1586 cognita
412 1502 655 1587 Vercingetorix
678 1503 825 1566 omnibus
841 1502 1026 1586 interruptis
1041 1502 1109 1565 eius
1124 1498 1210 1566 lla-s

128 1609 224 1672 minis
246 1607 396 1692 pontibus
419 1606 457 1672 ab
481 1609 581 1673 altera
602 1608 743 1673 fluminis
766 1614 854 1693 parte
873 1610 933 1674 iter
955 1609 1056 1673 facere
1072 1607 1182 1690 eoepit

130 1713 210 1778 Cum
236 1718 372 1796 uterque
402 1715 563 1798 utrimque
596 1716 713 1780 exisset
743 1715 916 1796 exercitus,
947 1715 981 1777 in
1013 1718 1182 1796 conspectu
1199 1715 1236 1774 11

128 1819 257 1901 fereque
280 1837 298 1885 e
320 1821 449 1903 regione
473 1818 614 1884 Caesaris
629 1824 732 1884 eastra
745 1820 883 1904 ponebat
899 1819 1060 1903 dispositis
1075 1819 1183 1901 explo-

128 1924 299 2007 ratoribus,
320 1925 436 1989 necubi
459 1926 569 1991 effecto
591 1931 686 2009 ponte
701 1926 838 1990 Romani
853 1926 961 2009 copias
975 1923 1183 1989 traducerent

130 2036 197 2097 erat
227 2031 262 2094 in
288 2031 414 2116 magnis
441 2029 566 2095 Caesari
599 2031 834 2096 difficultatibus
865 2051 929 2115 res,
960 2050 1001 2096 ne
1032 2030 1184 2094 maiorem

128 2138 255 2203 aestatis
277 2141 398 2221 partem
420 2137 552 2202 flumine
575 2137 794 2222 impediretur,
821 2139 907 2221 quod
932 2155 997 2201 non
1019 2136 1084 2201 1616
1111 2141 1184 2200 ante

129 2247 319 2308 autumnum
339 2243 455 2307 Elaver
477 2243 558 2307 vado
581 2244 708 2307 11616111
726 2244 812 2308 60161
858 2243 977 2327 itaque,
1000 2261 1040 2306 ne
1055 2242 1089 2305 id
1104 2241 1211 2305 acci-a

130 2349 231 2432 deret,
253 2349 391 2414 silvestri
412 2349 482 2414 1000
506 2350 616 2414 castris
637 2350 750 2434 positis
773 2350 934 2433 eregione
955 2349 1053 2413 unius
1075 2366 1184 2412 eorum

128 2456 282 2540 pontium,
295 2474 375 2539 quos
387 2454 628 2539 Vercingetorix
640 2455 865 2521 rescindendos
876 2458 1049 2538 curaverat,
1059 2457 1184 2539 postero

130 2562 181 2626 die
209 2581 283 2626 oum
310 2561 434 2625 duabus
460 2560 639 2645 legionibus
670 2563 705 2626 in
733 2563 855 2626 occulto
886 2561 1013 2643 restitit3
1045 2561 1212 2643 reliquasa

130 2669 235 2752 copias
263 2687 336 2731 cum
365 2666 514 2731 omnibus
540 2668 787 2751 impedimentis,
819 2672 855 2732 ut
881 2671 1060 2752 consuerat,
1090 2667 1184 2750 misit,

131 2773 286 2837 distractis
303 2772 494 2856 quibusdam
509 2772 700 2857 cohortibus
716 2779 752 2838 ut
766 2792 918 2847 numerus
933 2774 1095 2857 legionum
1111 2791 1185 2836 con·

131 2883 214 2942 stare
240 2878 411 2942 videretur.
456 2879 520 2961 his,
548 2899 644 2963 quam
665 2880 849 2964 longissime
872 2884 1012 2964 possent,
1039 2877 1212 2963 progredir

131 2985 239 3067 iussis,
266 3003 338 3047 cum
359 2985 424 3047 iam
446 3003 488 3048 ex
511 2985 575 3050 diei
596 2989 737 3068 tempore
760 2989 974 3051 coniecturam
1001 2991 1126 3068 caperet
1153 2984 1187 3046 in

132 3094 234 3155 castra
263 3094 465 3174 perventum,
495 3091 597 3155 isdem
625 3090 767 3175 sublicis,
800 3111 933 3175 quarum
960 3110 1031 3175 pars
1058 3090 1188 3154 inferior

132 3196 256 3280 integra
269 3194 464 3279 remanebat,
486 3199 614 3279 pontem
629 3195 756 3261 reficere
771 3197 882 3280 coepit
920 3196 1063 3260 celeriter
1077 3195 1213 3260 effectos

134 3319 228 3386 opere
255 3299 498 3384 legionibusque
526 3300 678 3365 traductis
705 3307 736 3365 et
762 3301 831 3365 loco
858 3303 967 3366 castris
994 3301 1107 3365 idoneo
1135 3301 1188 3365 de-

133 3408 215 3472 lecto
237 3406 378 3489 reliquas
401 3407 507 3490 copias
529 3408 696 3471 revocavit
741 3406 982 3490 Vercingetorix
1004 3425 1038 3471 re
1054 3407 1214 3491 cognitas

134 3532 176 3578 ne
204 3517 313 3578 contra
340 3531 431 3576 suam
458 3512 654 3576 voluntatem
682 3512 832 3578 dimicare
860 3517 1037 3597 cogeretur,
1064 3513 1188 3596 magnis

134 3617 301 3685 itineribus
332 3618 504 3682 antecessit
555 3616 669 3682 Caesar
699 3636 805 3683 exeo
832 3618 900 3682 1000
929 3618 1049 3702 quintis
1080 3619 1242 3684 06611610

136 3725 324 3810 Gergoviam
346 3724 490 3809 pervenit
512 3724 716 3806 equestrique
739 3741 776 3788 eo
800 3723 850 3790 die
872 3725 991 3807 proelio
1017 3724 1079 3788 levi
1100 3724 1190 3807 tacto,

136 3836 298 3917 perspecto
320 3828 410 3895 urbis
425 3830 503 3912 situ,
527 3847 608 3913 quae
626 3831 728 3912 006116
743 3829 778 3892 in
793 3829 943 3894 altissimo
959 3835 1066 3894 monte
1081 3849 1191 3895 omnes

137 3938 241 4003 aditus
264 3935 410 4002 difficiles
436 3934 583 4019 habebat,
611 3934 649 4000 de
673 3936 908 4019 oppugnatione
936 3935 1124 4022 desperavit,
1152 3936 1192 4000 de
