2738 4424
412 281 520 336 LIBER
536 281 600 336 1111.
619 281 695 337 GAP.
715 282 747 337 11
754 281 832 338 -1n
1112 264 1153 331 69

99 440 307 507 existimabat
352 441 402 507 his
425 443 605 507 constitutis
619 441 716 507 rebus
739 446 771 506 et
792 440 925 505 consilio
948 460 1022 505 cum
1043 440 1181 524 legatisr

100 552 132 614 et
154 554 319 631 quaestore
342 549 588 632 communicato,
615 566 776 630 nequem
803 547 888 612 diem
913 565 1039 630 pugnae
1066 564 1156 630 prae-

100 655 299 735 termitteret,
322 654 566 737 oportunissima
587 671 639 718 res
662 653 790 735 accidit,
813 652 899 735 quod
920 652 1072 736 postridie
1087 653 1156 718 eius

101 760 165 826 diei
185 778 280 825 mane
302 759 412 824 eadem
435 764 468 824 et
488 759 689 824 simulatione
717 763 749 824 et
775 757 905 842 perfidia
932 758 983 822 usi
1006 755 1157 823 Germani

99 865 280 948 frequentes
308 864 455 929 omnibus
477 863 673 949 principibus
700 863 937 947 maioribusque
964 867 1041 928 natu
1069 863 1157 928 adhi-

100 971 175 1036 bitis
205 971 247 1035 ad
278 989 353 1036 eum
382 971 417 1034 in
449 975 551 1035 castra
580 975 749 1053 venerunt,
780 969 887 1053 simul,
918 975 955 1035 ut
985 968 1183 1053 dicebatrrr,e

101 1077 258 1162 purgandi
280 1078 331 1142 sui
353 1095 461 1157 causa,
489 1075 574 1160 quod
597 1081 719 1158 conha,
746 1080 841 1159 atque
868 1081 951 1142 esset
978 1075 1099 1140 dictum
1125 1079 1158 1140 et

101 1184 162 1268 ipsi
183 1184 349 1267 petissent,
372 1182 527 1266 proelium
548 1182 650 1266 pridie
673 1183 917 1266 commisissent,
939 1181 1035 1249 simul
1057 1185 1106 1260 ut,
1128 1179 1156 1246 ai

103 1289 180 1372 quid
203 1294 344 1373 possent,
368 1289 407 1353 de
428 1288 562 1353 indutiis
584 1288 722 1352 fallendo
737 1289 949 1372 impetrarent
995 1306 1074 1371 quos
1096 1286 1184 1358 sibie

103 1393 218 1459 Gaesar
249 1394 369 1459 oblatos
396 1393 525 1477 gavisus
555 1393 628 1458 illos
659 1394 787 1459 retineri
813 1394 919 1475 iussit3
951 1394 1019 1477 ipse
1047 1411 1157 1459 omnes

102 1502 209 1585 copias
232 1500 343 1565 castris
365 1498 477 1564 eduxit
498 1500 752 1584 equitatumque,
780 1499 866 1583 quod
891 1500 1012 1564 recenti
1037 1498 1157 1583 proelio

101 1608 303 1691 perterritum
326 1624 394 1670 esse
410 1605 623 1688 existimabat,
646 1624 761 1688 agmen
775 1605 927 1688 subsequi
941 1605 1041 1670 iussit
1078 1604 1158 1670 Acie
1175 1623 1210 1679 lt

102 1712 219 1796 triplici
241 1711 385 1776 instituta
412 1715 445 1776 et
466 1711 608 1775 celeriter
629 1711 710 1775 VllI
731 1711 857 1775 milium
878 1712 992 1776 itinere
1015 1710 1157 1774 coniecto

100 1819 190 1903 prius
217 1817 257 1881 ad
284 1817 423 1881 hostium
451 1820 554 1880 castra
579 1818 735 1900 pervenit,
763 1837 872 1901 quam,
901 1816 978 1901 quid
1004 1820 1158 1900 ageretur,
1183 1865 1192 1882 .

104 1923 253 1989 Germani
276 1923 393 1988 sentire
415 1927 552 2006 possent
598 1923 655 2005 qui
677 1922 824 1987 omnibus
842 1923 939 1989 rebus
961 1921 1065 1987 subito
1088 1940 1185 2004 per-a

101 2030 217 2113 territi,
244 2032 275 2092 et
301 2029 460 2093 celeritate
486 2027 641 2092 adrentus
667 2029 768 2093 nostri
795 2033 826 2093 et
853 2029 994 2094 dneeau
1020 2047 1159 2111 suorum,

102 2153 207 2219 neque
230 2134 354 2200 consilii
381 2133 519 2198 habendi
540 2152 645 2216 neque
673 2153 760 2198 arma
786 2134 933 2218 capiendi
958 2134 1058 2218 spatio
1086 2133 1159 2198 dato

103 2240 339 2325 perturbantur,
365 2241 513 2324 copiasne
536 2239 688 2304 adversus
710 2240 833 2306 hostem
856 2240 970 2305 ducere
994 2259 1036 2304 an
1058 2243 1160 2304 castra

15 2422 16 2425 Ἴ
103 2346 272 2412 defendere
295 2364 336 2409 an
357 2344 433 2430 fuga
455 2345 590 2411 salutem
609 2351 716 2429 petere
737 2351 917 2429 praestaret
963 2364 1100 2429 quorum
1120 2336 1186 2412 tia

102 2473 172 2518 mor
194 2471 269 2517 oum
285 2451 414 2515 fremitu
434 2456 466 2516 et
485 2470 642 2516 concursu
665 2451 904 2536 significaretur,
924 2452 1041 2516 milites
1060 2451 1159 2516 nostri

101 2559 228 2645 pristini
243 2557 307 2622 diei
322 2557 453 2641 perfidia
466 2558 590 2622 incitati
604 2558 641 2622 in
654 2563 756 2622 castra
776 2559 973 2642 inruperunt
1012 2577 1074 2641 quo
1089 2557 1187 2629 locor

105 2666 161 2749 qui
183 2665 327 2729 celeriter
344 2683 432 2728 arma
450 2682 563 2749 capere
585 2668 768 2749 potuerunt,
790 2663 951 2749 paulisper
972 2665 1089 2729 nostris
1110 2683 1160 2731 re-

105 2772 254 2837 stiterunt
271 2773 366 2852 atque
380 2771 465 2834 inter
479 2788 586 2834 carros
601 2770 890 2853 impedimentaque
904 2770 1063 2854 proelium
1076 2789 1161 2835 corn

105 2877 275 2957 miserunt,
308 2880 341 2940 at
369 2875 493 2960 reliqua
523 2876 695 2940 multitudo
726 2895 898 2960 puerorum
928 2876 1188 2959 mulierumquea

107 3019 149 3030 -
172 3001 249 3046 nam
271 3000 345 3046 cum
367 2981 516 3046 omnibus
538 2982 605 3046 suis
625 2982 718 3046 domo
735 2987 936 3048 excesserant
949 2982 1162 3065 Rhenumque

106 3088 297 3154 transierant
319 3123 360 3134 -
382 3087 500 3170 passim
521 3087 630 3171 fugere
645 3089 760 3171 coepit3
784 3088 825 3152 ad
840 3107 920 3172 quos
935 3087 1163 3153 consectandos

108 3192 223 3258 Caesar
249 3192 424 3275 equitatum
455 3193 548 3258 misit
599 3191 748 3257 Germani
777 3198 850 3278 post
875 3199 1000 3275 tergum
1026 3194 1162 3257 clamore
1180 3207 1215 3264 15

108 3298 231 3382 audito,
254 3317 329 3362 cum
350 3316 425 3362 suos
446 3296 582 3363 interdici
604 3299 762 3381 riderent,
785 3300 880 3364 armis
903 3299 1033 3363 abiectis
1051 3300 1163 3383 signis-

109 3422 171 3489 que
193 3403 383 3468 militaribus
404 3403 523 3468 relictis
546 3423 579 3469 se
595 3422 636 3468 ex
659 3405 769 3468 castris
784 3404 958 3488 eiecerunt,
981 3409 1013 3470 et
1035 3424 1108 3469 cum
1123 3404 1190 3472 ada
1273 3384 1283 3398 ’

109 3509 322 3575 confluentem
352 3509 460 3574 Mosae
487 3512 520 3574 et
545 3508 649 3575 Rheni
675 3511 906 3595 pervenissent,
937 3511 1060 3594 reliqua
1090 3512 1164 3596 firgo

110 3617 273 3700 desperata
294 3634 410 3700 magno
431 3633 566 3680 numero
588 3615 751 3680 interfecto
778 3616 896 3699 reliqui
922 3635 956 3682 se
982 3618 1018 3681 in
1043 3616 1163 3682 flumen

109 3721 395 3807 praecipitaverunt
417 3725 512 3804 atque
533 3721 580 3786 ibi
602 3721 726 3806 timore,
748 3722 948 3806 lassitudine,
970 3723 1003 3787 ri
1024 3721 1164 3788 fluminis

109 3829 250 3913 oppressi
271 3828 442 3911 perierunt
486 3828 587 3891 nostri
602 3827 643 3891 ad
659 3847 759 3891 unum
775 3847 885 3894 omnes
906 3829 1082 3894 incolumes
1096 3848 1192 3913 per-a

109 3935 219 4018 paucis
242 3933 416 3998 vulneratis
439 3951 481 3997 ex
503 3934 583 3997 tanti
605 3933 680 3998 belli
703 3935 829 4018 timore,
851 3953 924 4000 oum
947 3934 1085 4000 hostium
1107 3954 1166 3999 nu·
