2738 4424
189 217 251 282 138
582 235 687 290 BliLLI
705 234 846 292 GALIlGI

160 412 282 475 squam
305 395 402 459 simul
424 400 519 480 atque
542 397 692 481 oppidani
715 401 950 482 conspexerunt
975 401 1071 478 atque
1097 395 1133 460 in
1154 412 1242 480 spem

187 501 298 564 auxilii
329 507 498 587 venerunt,
534 503 671 568 clamore
702 503 826 568 sublato
858 523 946 567 arma
976 520 1101 586 capere,
1135 505 1240 586 portas

160 606 347 691 aclauderc,
381 628 508 673 murum
544 610 702 694 complere
738 615 917 693 coeperunt
971 609 1170 674 centuriones
1204 607 1240 669 in

188 713 316 797 oppido,
343 733 417 778 cum
444 732 486 779 ex
508 714 737 799 significatione
765 715 928 781 Gallorum
953 716 1031 780 novi
1057 713 1176 797 aliquid
1200 710 1240 776 ab

186 819 226 882 iis
248 819 323 884 iniri
346 821 470 884 consilii
491 821 736 906 intellexissent,
758 821 873 905 gladiis
891 822 1048 886 destrictis
1062 824 1166 906 portas
1189 837 1242 883 oc-

134 931 381 1009 recupaverunt
401 945 540 1008 suosque
564 946 674 992 omnes
695 927 872 992 incolumes
893 930 1088 1011 receperunt
1130 923 1244 989 (laesar

188 1049 230 1096 ex
260 1032 370 1096 castris
401 1033 578 1114 equitatum
605 1033 699 1098 educi
729 1033 818 1097 iubet
848 1033 1069 1118 proeliumque
1096 1035 1245 1114 equestre

187 1138 367 1219 committit,
400 1137 617 1203 laborantibus
644 1140 709 1203 iam
735 1141 802 1204 suis
830 1139 1004 1205 Germanos
1029 1139 1152 1220 equites
1185 1136 1246 1201 cir·

187 1243 266 1307 citor
289 1241 391 1307 0000
413 1244 582 1328 submittit,
605 1263 685 1327 quos
707 1246 746 1310 ab
769 1247 861 1309 initio
883 1264 993 1309 secum
1014 1243 1130 1308 babere
1152 1242 1247 1306 insti-

160 1353 297 1412 atuerat
347 1368 457 1414 corum
487 1351 641 1434 impetum
673 1349 755 1415 Galli
787 1352 944 1416 sustinere
976 1369 1042 1415 non
1071 1353 1247 1434 potuerunt

188 1459 281 1536 atque
303 1455 339 1517 in
361 1455 470 1539 fugam
491 1457 626 1521 coniecti
648 1457 757 1521 multis
784 1457 908 1522 amissis
929 1475 964 1522 se
987 1456 1027 1520 ad
1054 1474 1169 1540 agmen
1196 1473 1246 1519 re-

188 1559 347 1644 ceperunt
402 1561 517 1644 quibus
552 1562 725 1646 profligatis
760 1583 870 1628 rursus
907 1563 1056 1647 oppidani
1087 1561 1247 1646 perterriti

187 1668 430 1750 comprehensos
451 1686 519 1753 eos,
543 1687 679 1751 quorum
707 1687 802 1754 opera
823 1669 950 1753 plebem
973 1669 1163 1733 concitatam
1190 1686 1246 1732 ex-

187 1772 382 1857 istimabant,
409 1775 450 1838 ad
472 1773 638 1839 Caesarem
659 1775 879 1858 perduxerunt
900 1793 1033 1856 seseque
1060 1775 1090 1839 ci
1118 1773 1247 1839 dedide-

160 1884 270 1942 srunt
303 1878 420 1963 quibus
434 1880 530 1945 rebus
546 1880 695 1945 confectis
711 1878 825 1945 Caesar
840 1880 880 1944 ad
897 1881 1048 1965 oppidum
1061 1880 1245 1962 Avaricum,

189 1985 274 2068 quod
296 1992 364 2050 erat
385 1988 562 2050 maximum
584 1988 899 2070 munitissimumque
926 1988 962 2050 in
984 1985 1102 2051 linibus
1125 1985 1245 2050 Bituri-

187 2112 264 2177 gum
286 2097 382 2175 atque
405 2094 474 2177 agri
494 2093 687 2157 fertilissima
712 2094 856 2176 regione,
882 2093 1042 2177 proiectus
1069 2097 1130 2176 est,
1158 2091 1244 2176 quod

187 2217 225 2263 eo
248 2198 363 2283 oppido
385 2203 511 2283 recepto
539 2199 699 2263 civitatem
725 2199 907 2284 Biturigum
934 2217 968 2262 se
994 2199 1030 2263 in
1056 2201 1245 2283 potestatem

186 2304 389 2369 redacturum
411 2303 595 2369 confidebat

132 2419 167 2474 14
272 2410 519 2494 Vercingetorix
537 2413 584 2474 tot
599 2411 758 2475 continuis
773 2410 981 2474 incommodis
995 2407 1242 2492 Vellaunoduni,

187 2515 319 2597 Cenabi,
345 2516 528 2581 Novioduni
551 2518 688 2601 acceptis
713 2535 788 2580 suos
814 2516 855 2580 ad
882 2516 1052 2581 concilium
1079 2518 1241 2578 convocat

158 2620 277 2684 edocet
307 2622 402 2705 longe
434 2622 496 2685 alia
521 2623 643 2687 ratione
675 2640 744 2687 esse
775 2621 896 2686 bellum
926 2621 1114 2706 gerendum,
1146 2623 1242 2700 atquc

186 2730 280 2790 antea
304 2731 430 2810 gestum
456 2728 505 2791 sit
555 2728 701 2792 omnibus
726 2727 830 2793 modis
856 2729 931 2793 huic
962 2727 1009 2792 rei
1039 2725 1241 2810 studendum,

157 2837 222 2895 sut
242 2832 445 2916 pabulatione
460 2838 492 2897 et
506 2838 683 2898 commeatu
697 2833 832 2898 Romani
847 2832 1083 2917 prohibeantur.
1120 2831 1154 2895 id
1173 2849 1241 2896 esse

184 2939 289 3023 facile,
313 2938 398 3020 quod
420 2940 563 3021 equitatu
584 2940 646 3023 ipsi
662 2938 826 3004 abundent
847 2945 879 3004 et
901 2939 989 3024 quod
1004 2938 1080 3002 anni
1102 2941 1242 3021 tempore

157 3044 398 3110 asubleventur.
449 3045 603 3129 pabulum
629 3047 730 3110 secari
756 3065 823 3110 non
849 3064 954 3129 posse,
984 3044 1162 3108 necessario
1195 3042 1241 3106 di-

184 3169 309 3234 spersos
333 3152 438 3216 hostes
461 3170 503 3216 ex
526 3150 678 3216 aedificiis
700 3155 821 3235 petere3
844 3152 902 3216 bos
925 3169 1035 3215 omnes
1058 3149 1174 3214 cotidie
1201 3148 1240 3213 ab

157 3257 345 3338 scquitibus
368 3257 467 3323 deleri
488 3277 589 3341 posse.
633 3262 795 3342 praeterea
821 3256 932 3321 salutis
959 3276 1054 3321 causa
1079 3257 1126 3320 rei
1150 3255 1241 3319 fami-

183 3361 270 3427 liaris
293 3365 459 3429 commoda
480 3364 690 3448 neglegenda:
714 3364 801 3427 vicos
824 3367 919 3446 atque
942 3361 1086 3427 aedificia
1111 3360 1240 3426 incendi

185 3473 328 3551 oportere
354 3471 415 3534 hoc
441 3471 541 3554 spatio
569 3469 599 3553 [a
625 3468 716 3554 Boia]
745 3487 1025 3552 quoqueversus,
1052 3485 1115 3551 qno
1142 3466 1240 3551 pabu-

157 3573 272 3642 slandi
303 3595 398 3640 causa
429 3576 517 3641 adire
543 3595 634 3660 posse
662 3576 837 3639 videantur.
885 3575 998 3639 harum
1025 3575 1102 3659 ipsis
1132 3590 1238 3637 rerum

185 3681 308 3763 copiam
330 3688 509 3766 suppetere,
533 3682 632 3765 quod,
655 3701 791 3764 quorum
813 3681 851 3745 in
871 3679 990 3745 finibus
1012 3679 1132 3745 ballum
1149 3694 1238 3760 gera-

157 3789 249 3867 rtur,
272 3804 383 3851 eorum
405 3786 516 3871 opibus
532 3786 751 3869 subleventur,
774 3786 936 3852 Romanos
950 3791 1006 3851 aut
1019 3785 1158 3868 inopiam
1171 3799 1239 3845 non

183 3889 304 3957 laturos
327 3903 382 3956 aut
403 3911 517 3977 magno
540 3912 615 3957 cum
637 3892 779 3977 periculo
801 3894 928 3977 longius
950 3912 970 3956 a
991 3890 1101 3955 castris
1114 3906 1239 3972 proees-
