2738 4424
460 287 567 343 LIBER
583 287 618 344 V.
636 287 712 344 GAP.
731 287 853 343 29-34„
1144 269 1184 335 97

128 447 170 513 ab
192 450 295 533 hoste,
318 450 374 514 sed
389 449 428 514 ab
443 449 573 514 homine
588 448 777 514 amicissimo
794 447 1002 533 [Ambiorige]
1019 446 1186 511 consilium

128 554 253 638 datum,
274 554 458 639 longissimo
482 555 608 639 agmine
630 555 842 638 maximisque
864 553 1105 638 impedimentis.
1143 552 1187 615 nt
1203 554 1241 612 33

129 661 247 746 hostes,
278 667 484 744 posteaquam
515 681 557 726 ex
576 665 742 752 ¹noctumo
774 659 902 725 fremitu
933 659 1115 743 vigiliisque
1147 657 1186 721 de

129 766 321 852 profectione
343 786 454 832 eorum
481 770 661 851 senserunt,
689 765 860 831 conlocatis
886 765 1013 830 insidiis
1039 763 1184 848 bipertito

129 873 165 936 in
187 872 278 937 silvis
301 876 456 957 oportuno
485 876 579 955 atque
603 872 726 936 occulto
749 871 819 936 loco
842 891 861 936 a
881 871 1013 936 milibus
1034 888 1183 955 passuum

128 979 256 1042 circiter
287 977 411 1042 duobus
441 978 657 1043 Romanorum
694 977 866 1042 adventum
898 976 1118 1061 expectabant,
1154 979 1212 1041 eta

128 1101 203 1149 cum
227 1103 261 1148 se
282 1084 384 1147 maior
405 1103 477 1168 pars
500 1084 636 1168 agminis
658 1085 692 1147 in
714 1103 863 1168 magnam
889 1082 1065 1148 convallem
1087 1080 1185 1147 demi·

129 1191 231 1274 sisset,
254 1208 297 1255 ex
318 1194 453 1271 utraque
475 1193 563 1273 parte
587 1190 656 1254 eius
679 1189 771 1253 vallis
793 1189 898 1254 subito
921 1207 955 1254 se
978 1187 1186 1253 ostenderunt

130 1295 383 1378 novissimosque
405 1313 547 1379 premere
570 1299 602 1360 et
622 1295 740 1380 primos
754 1294 921 1379 prohibere
936 1311 1069 1359 ascensu
1090 1298 1184 1378 atque

129 1402 330 1484 iniquissimo
357 1401 473 1465 nostris
500 1400 569 1465 loco
596 1401 752 1486 proelium
779 1401 974 1465 committere
1005 1405 1184 1484 coeperunt

127 1508 209 1573 Tum
233 1508 360 1571 demum
373 1507 526 1590 Titurius,
550 1507 605 1590 qui
621 1506 703 1570 nihil
718 1510 791 1571 ante
805 1506 1006 1590 providisset,
1028 1506 1185 1589 trepidare
1202 1517 1237 1572 33

128 1618 163 1678 et
184 1631 373 1677 concursare
396 1613 604 1694 cohortesque
628 1612 806 1697 disponere,
828 1613 906 1677 haec
928 1615 1035 1677 tamen
1056 1613 1125 1696 ipsa
1146 1612 1185 1676 ti·

129 1718 215 1782 mide
238 1722 332 1800 atque
355 1722 392 1782 ut
414 1736 488 1782 eum
511 1719 617 1782 omnia
639 1716 774 1784 deficere
797 1719 994 1799 viderentur3
1019 1717 1104 1800 quod
1118 1717 1185 1802 ple·

129 1841 266 1906 rumque
288 1824 328 1888 iis
351 1823 493 1888 accidere
516 1825 692 1908 consuevit,
716 1824 772 1908 qui
797 1824 832 1888 in
854 1825 922 1908 ipso
937 1825 1063 1908 negotio
1083 1825 1185 1888 eonsi-

129 1929 209 1994 lium
232 1947 342 2013 capere
365 1935 530 2013 eoguntur.
576 1935 609 1993 at
624 1928 727 2012 Cotta,
751 1931 807 2012 qui
821 1931 987 2014 cogitasset
1000 1930 1079 1993 haec
1093 1948 1211 2014 possea

130 2035 167 2099 in
197 2035 309 2100 itinere
341 2035 484 2100 accidere
520 2038 615 2118 atque
648 2035 687 2100 ob
720 2055 790 2100 eam
824 2055 952 2100 causam
983 2035 1184 2119 profectionis

126 2145 240 2206 auctor
260 2159 328 2206 non
350 2141 473 2224 fuisset,
496 2141 586 2204 nulla
608 2142 643 2206 in
665 2160 700 2206 re
723 2143 885 2206 communi
908 2141 1002 2206 saluti
1025 2142 1132 2206 deerat
1154 2152 1185 2206 et

128 2247 164 2311 in
185 2247 382 2331 appellandis
404 2247 670 2330 cohortandisque
696 2247 851 2312 militibus
872 2247 1070 2331 imperatoris
1097 2248 1183 2312 etin

128 2352 236 2439 pugna
257 2353 367 2417 militis
383 2352 487 2417 officia
500 2353 687 2437 praestabat.
725 2372 798 2417 cum
812 2357 941 2437 propter
953 2352 1182 2436 longitudinem
1198 2373 1211 2411 a

129 2459 264 2543 agminis
291 2478 357 2523 non
384 2459 474 2524 facile
501 2477 558 2542 per
580 2477 614 2523 se
637 2459 744 2523 omnia
766 2458 854 2525 obire
881 2463 925 2542 et,
953 2457 1030 2542 quid
1058 2477 1184 2542 quoque

129 2564 198 2629 loeo
215 2565 396 2629 faciendum
410 2570 504 2648 esset,
522 2564 689 2650 providere
707 2569 847 2649 possent,
869 2565 1030 2629 iusserunt
1044 2584 1183 2648 pronun·

128 2670 213 2752 tiari,
240 2675 278 2736 ut
297 2671 524 2755 impedimenta
550 2672 768 2753 relinquerent
795 2676 889 2754 atque
915 2672 950 2734 in
977 2670 1085 2735 orbem
1112 2657 1208 2736 eon?

130 2777 284 2841 sisterent
331 2777 417 2859 quod
440 2777 620 2861 consilium,
644 2777 702 2842 etsi
725 2776 760 2841 in
783 2778 852 2842 eius
874 2776 961 2841 modi
983 2796 1059 2841 casu
1080 2797 1211 2862 repre-a

130 2882 334 2946 hendendum
361 2888 510 2965 nonest,
537 2887 645 2948 tamen
670 2884 870 2948 incommode
898 2882 1023 2965 cecidit3
1052 2903 1127 2946 nam
1155 2890 1211 2946 ets

129 2988 247 3051 nostris
268 2988 422 3052 militibus
445 3008 533 3073 spem
554 2989 672 3053 minuit
697 2993 730 3054 et
755 2990 860 3055 hostes
888 2989 927 3052 ad
954 3009 1094 3073 pugnam
1122 2989 1185 3052 ala-

128 3093 248 3157 criores
271 3094 387 3176 effecit,
416 3095 501 3176 quod
524 3114 588 3159 non
612 3095 681 3159 sine
704 3089 827 3158 summo
850 3096 962 3159 timore
987 3099 1019 3159 et
1041 3096 1185 3179 despera-

129 3199 218 3262 tione
241 3199 275 3262 id
296 3199 414 3263 factum
441 3199 615 3264 videbatur.
660 3206 823 3284 praeterea
849 3201 974 3283 accidit,
1003 3200 1089 3282 quod
1115 3198 1212 3265 fieris

131 3322 259 3369 necesse
278 3310 357 3389 erat,
379 3309 416 3369 ut
432 3305 528 3389 vulgo
547 3306 663 3369 mihies
687 3305 726 3369 ab
742 3307 840 3390 signis
857 3306 1068 3389 discederent,
1091 3325 1184 3389 quae

130 3429 195 3494 que
223 3411 358 3494 quisque
385 3430 496 3475 eorum
522 3412 686 3474 carissima
711 3410 853 3494 haberet,
886 3411 924 3475 ab
952 3411 1185 3496 impedimentis

131 3521 238 3601 petere
262 3521 357 3599 atque
380 3517 518 3601 arripere
539 3520 732 3600 properaret,
759 3516 894 3581 clamore
922 3522 953 3581 et
979 3516 1056 3581 fletu
1080 3518 1186 3582 omnia

131 3623 374 3707 complerentur.
424 3624 468 3687 At
493 3621 634 3686 barbaris
666 3622 834 3686 consilium
866 3643 929 3687 non
962 3624 1068 3687 defuit
1113 3643 1186 3687 nam
1203 3634 1242 3687 34

129 3729 230 3795 duces
253 3748 364 3795 eorum
385 3732 450 3793 tota
472 3729 539 3792 acie
560 3729 760 3812 pronuntiari
782 3729 955 3811 iusserunt,
982 3748 1023 3794 ne
1052 3730 1124 3812 quis
1147 3730 1185 3795 ab

75 3917 80 3928 ,
133 3835 203 3901 loco
222 3837 409 3901 discederet:
433 3834 562 3898 illorum
579 3852 647 3898 esse
670 3835 819 3918 praedam
835 3840 929 3916 atque
945 3835 1009 3899 illis
1024 3837 1187 3921 reservari,

131 3961 354 4025 quaecumque
365 3940 502 4005 Romani
515 3940 731 4022 reliquissent3
747 3940 880 4024 proinde
892 3942 998 4006 omnia
1009 3942 1045 4007 in
1056 3943 1188 4007 victoria

178 4061 267 4118 aaa,
281 4062 308 4108 a.
322 4061 379 4107 aaa
1013 4065 1033 4116 ‘l
