2738 4424
452 265 651 321 111111111.
670 265 746 321 oar.
765 263 887 320 40-45.
1133 244 1196 309 199
1216 225 1220 232 ’

143 448 177 494 11
194 427 350 493 offerebat
387 427 588 492 Caesareum
607 426 784 510 complures
803 443 878 489 sues
892 423 1054 489 vulnerari
1067 422 1196 505 videret,
1213 427 1255 486 487

143 553 186 598 ex
201 534 348 599 omnibus
367 534 474 617 oppidi
494 532 638 618 partibus
657 520 802 597 cohortos
817 535 958 594 montem
976 528 1145 594 ascendere
1165 531 1197 592 et

142 641 343 705 simulatione
373 640 536 704 moenium
567 628 822 722 occupandorum
853 636 1022 700 clamorem
1053 634 1196 716 undique

142 746 233 811 iubet
259 746 378 810 tollere.
424 765 487 828 quo
512 745 594 809 facto
620 745 779 828 perterriti
809 743 969 827 oppidani,
1001 761 1087 825 cum,
1119 740 1223 824 quida

142 856 288 936 ageretur
314 852 349 915 in
375 851 454 915 locis
480 851 627 934 reliquie,
655 854 761 915 essent
791 848 948 933 suspensi,
979 851 1130 912 revocant
1155 847 1195 912 ab

141 957 367 1042 impugnandis
398 957 546 1040 operibus
579 961 714 1020 armatos
748 957 784 1019 111
814 955 978 1038 murisque
1014 953 1196 1037 disponunt

141 1064 186 1127 ita
211 1064 311 1128 nostri
336 1061 401 1127 fine
427 1062 540 1147 proelii
564 1063 647 1126 facto
674 1061 818 1126 celeriter
840 1080 936 1145 opera
957 1058 1084 1123 flamma
1111 1079 1222 1128 com-s

140 1170 297 1254 prehensa
320 1169 442 1263 partim·
455 1169 671 1253 restinguunt,
696 1167 811 1251 partim
835 1166 1077 1231 interscindunt
1122 1185 1222 1234 cuma

139 1276 343 1359 pertinaciter
357 1275 541 1339 resisterent
555 1274 716 1357 oppidani,
738 1292 854 1356 magna
868 1273 963 1337 etiam
977 1277 1065 1356 parte
1080 1272 1196 1336 amissa

139 1381 194 1445 siti
208 1400 339 1446 suorum
360 1381 396 1444 111
410 1381 566 1444 sententia
580 1384 812 1464 permanerent,
834 1380 874 1443 ad
896 1384 1090 1462 postremum
1104 1379 1195 1443 cuni·

140 1487 221 1551 culis
236 1505 337 1552 venae
358 1487 454 1550 fontis
472 1486 639 1550 intercisae
658 1489 734 1550 sunt
750 1489 845 1567 atque
860 1502 996 1549 aversae.
1035 1504 1097 1568 quo
1111 1485 1222 1549 factet

139 1597 268 1676 repente
288 1592 438 1675 perennis
460 1592 585 1656 exaruit
605 1593 676 1656 fons
697 1594 880 1673 tantamque
902 1591 1009 1655 attulit
1031 1590 1195 1675 oppidanis

138 1698 249 1762 salutis
272 1697 536 1782 desperationem,
562 1702 599 1762 ut
625 1697 658 1790 id
684 1716 751 1761 non
773 1697 939 1761 hominum
966 1698 1111 1780 oonsilio,
1138 1698 1194 1763 sed

139 1803 273 1868 deorum
295 1804 456 1868 voluntate
481 1804 600 1867 factum
621 1807 775 1887 putarent
819 1804 928 1886 itaque
950 1822 985 1867 se
1006 1803 1194 1868 necessitate

139 1910 240 1974 eoacti
262 1910 469 1974 tradiderunt
507 1908 633 1993 Caesar,
655 1928 730 1972 eum
747 1927 838 1972 suam
854 1908 1017 1973 lenitatem
1035 1909 1193 1992 cognitam
1209 1916 1246 1970 44

140 2015 287 2079 omnibus
309 2016 405 2080 sciret
421 2034 527 2097 neque
542 2019 718 2097 vereretur,
739 2033 781 2079 ne
803 2015 880 2096 quid
898 2015 1082 2079 crudelitate
1099 2017 1193 2078 natu-

138 2140 193 2186 rae
215 2121 377 2185 videretur
398 2121 540 2204 asperius
560 2121 685 2203 fecisse,
712 2139 818 2203 neque
845 2121 967 2184 exitum
989 2120 1193 2185 consiliorum

138 2246 270 2291 suorum
297 2227 573 2310 animadverteret,
605 2227 632 2291 si
659 2227 715 2290 tali
741 2228 862 2290 ratione
890 2226 1022 2290 diversis
1052 2226 1088 2289 in
1113 2225 1192 2290 locis

138 2333 246 2416 plures
278 2333 411 2397 consilia
444 2333 590 2414 inissent,
627 2332 772 2416 exemplo
809 2332 958 2416 supplicii
991 2332 1193 2396 deterrendos

138 2438 279 2521 reliquos
302 2439 501 2503 existimavit
546 2439 654 2522 itaque
677 2438 837 2523 omnibus,
861 2439 917 2520 qui
938 2457 1026 2502 arma
1047 2437 1192 2523 tulerant,

138 2563 252 2610 manus
278 2543 432 2629 praecidit
457 2546 619 2627 vitamque
646 2545 813 2627 concessit,
848 2564 910 2627 quo
941 2544 1084 2609 testatior
1111 2549 1194 2609 esset

137 2670 240 2734 poena
261 2650 486 2734 improborum.
523 2649 676 2734 Drappes,
701 2668 796 2731 quem
819 2655 945 2735 captum
967 2669 1036 2716 esse
1058 2670 1077 2714 a
1100 2649 1219 2714 Gaui-a

138 2757 193 2819 nio
209 2755 316 2838 docui,
332 2757 399 2821 sive
413 2756 600 2840 indignitate
616 2761 647 2820 et
662 2756 769 2820 dolore
784 2756 983 2847 vinculorum
998 2756 1065 2822 1111
1079 2756 1192 2822 timore

137 2861 292 2944 gravioris
320 2861 469 2947 supplicii
495 2863 604 2946 paucis
631 2862 744 2927 diebus
770 2862 841 2926 cibo
865 2881 899 2927 se
922 2863 1076 2928 abstinuit
1096 2867 1193 2945 atque

137 2967 183 3029 ita
208 2966 334 3030 interiit
380 2968 492 3032 eodem
518 2974 659 3053 tempore
685 2967 864 3052 Lucterius,
897 2987 991 3050 quem
1017 2968 1219 3052 profugissea

139 3091 182 3136 ex
202 3072 323 3155 proelio
346 3074 469 3156 scripsi,
496 3093 569 3138 cum
595 3075 631 3138 in
656 3079 841 3158 potestatem
863 3076 1003 3138 venisset
1023 3073 1193 3157 Epasnacti

138 3178 289 3262 Arverni,
317 3178 492 3243 —crebro
520 3180 606 3244 euim
631 3180 792 3243 mutandis
818 3180 896 3242 loeis
922 3180 1095 3243 multorum
1116 3179 1192 3244 fidei

137 3302 173 3348 se
191 3283 416 3368 committebat,
440 3286 525 3366 quod
546 3303 705 3367 nusquam
724 3285 845 3348 diutius
862 3285 930 3348 sine
946 3285 1089 3368 periculo
1107 3304 1193 3350 conr·

138 3394 319 3454 moraturus
341 3390 521 3474 videbatur,
543 3409 617 3454 cum
639 3389 702 3454 sibi
723 3391 870 3454 conscius
892 3394 987 3474 esset,
1014 3410 1110 3473 quam
1131 3392 1192 3456 ini-

137 3495 258 3560 mioum
289 3495 418 3560 deberet
449 3495 615 3560 Gaesarem
644 3495 774 3580 habere,
806 3532 848 3542 —
879 3496 965 3560 hunc
996 3494 1192 3580 Epasnactus

138 3603 316 3686 Aruernus,
344 3602 553 3666 amicissimus
578 3601 694 3685 populo
719 3601 874 3685 Romano,
901 3602 969 3666 sine
996 3602 1191 3670 dubitatione

138 3708 204 3772 ulla
226 3707 370 3772 vinctum
392 3707 433 3771 ad
456 3705 621 3772 Gaesarem
643 3707 785 3771 deduxit

226 3812 386 3878 Labienus
407 3814 534 3879 interim
555 3813 591 3876 111
607 3813 751 3878 Treveris
774 3818 919 3896 equestre
941 3814 1097 3897 proelium
1118 3815 1193 3881 facit
1208 3824 1246 3878 45

137 3920 315 3987 secundum
338 3919 618 4004 compluribusque
638 3919 783 3984 Treveris
809 3919 982 3985 interfectis
1009 3921 1192 3986 116111111-
