2738 4424
447 296 554 352 LIBER
571 297 618 352 VI.
643 297 717 354 GAP.
738 299 859 352 14-19.
1117 280 1179 345 119

129 455 345 539 magnitudine
360 456 530 520 simulacra
544 457 674 541 habent,
696 477 833 540 quorum
848 460 995 521 contexta
1008 455 1181 520 viminibus

128 561 271 625 membra
292 562 375 626 vivis
397 561 578 626 hominibus
601 562 773 646 complent,
798 562 914 645 quibus
937 562 1098 626 succensis
1121 562 1181 625 cir·

128 669 291 732 cumvsnti
312 665 440 730 flamma
454 669 678 732 exanimantur
692 668 843 733 homines.
889 666 1043 750 supplicia
1062 685 1208 750 eorum,a
1247 722 1250 736 .

131 774 187 856 qui
208 773 243 836 in
264 773 349 836 furto
372 778 427 837 aut
445 774 609 838 latrocinio
633 779 689 838 aut
708 773 815 856 aliqua
836 774 934 837 noxia
956 773 1020 836 sint
1041 791 1181 855 compre-

129 878 234 962 hensi,
249 879 386 961 gratiora
401 878 450 942 dis
464 878 694 944 immortalibus
712 897 780 943 asse
796 877 1000 959 arbitrantur,
1024 877 1093 961 sed,
1108 896 1181 941 cum

130 985 199 1049 eius
217 985 342 1068 generis
356 985 447 1067 copia
469 982 588 1066 deficit,
610 984 705 1048 stiam
727 984 767 1047 ad
789 984 1007 1048 innocentium
1029 983 1183 1067 supplicia

129 1089 333 1155 descendunt
370 1089 511 1154 Deorum
526 1090 665 1154 maxime
680 1087 872 1154 Mercurium
892 1089 1013 1173 colunt,
1029 1125 1071 1135 -
1087 1088 1182 1152 huius
1200 1105 1233 1160 ll

130 1201 205 1260 sunt
226 1195 361 1280 plurima
384 1195 564 1277 simulacra,
587 1195 672 1260 hunc
689 1196 832 1260 omnium
849 1195 1045 1260 inventorem
1067 1195 1182 1259 artium

129 1301 246 1384 lerum,
281 1303 367 1365 hunc
398 1302 522 1364 viarum
558 1306 652 1383 atque
686 1300 836 1366 itinerum
868 1301 994 1382 ducem,
1024 1302 1111 1365 hunc
1142 1300 1182 1364 ad

130 1413 280 1490 quaestus
306 1408 459 1490 pecuniae
486 1411 741 1488 mercaturasque
772 1405 886 1472 habere
917 1407 982 1470 vim
1008 1406 1181 1471 maximam

129 1513 335 1594 arbitrantur,
358 1548 400 1559 -
424 1516 494 1597 post
516 1512 602 1576 hunc
616 1512 798 1596 Apollinem
819 1517 851 1576 et
864 1511 998 1578 Martem
1020 1517 1051 1576 et
1072 1512 1208 1579 Iovema

129 1625 161 1683 et
182 1618 367 1682 Minervam.
414 1617 452 1682 ds
467 1618 516 1682 his
531 1617 663 1682 eandem
678 1617 756 1700 fars,
780 1637 875 1701 quam
898 1619 1040 1701 reliquae
1062 1623 1181 1702 gentes,

129 1723 246 1787 habent
260 1723 453 1806 opinionem:
477 1723 659 1808 Apollinem
672 1723 800 1788 morbos
815 1724 983 1807 depellere,
1005 1722 1182 1789 Minervam

129 1847 258 1912 operum
282 1833 377 1910 atque
400 1827 604 1892 artificiorum
625 1829 718 1892 initia
733 1828 868 1912 tradere,
890 1829 1000 1893 Iovem
1014 1830 1182 1913 imperium

127 1935 313 1998 caelestium
327 1939 447 2017 tenero,
462 1934 595 1999 Martem
610 1933 693 1997 bella
707 1953 822 2018 regere.
863 1933 949 2016 huic,
973 1954 1047 1998 cum
1062 1936 1207 2018 praefica

128 2038 277 2104 dimicare
300 2041 545 2123 constituerunt,
568 2058 618 2121 ea,
645 2059 727 2122 quae
753 2040 837 2104 bello
866 2040 1017 2124 ceperint,
1045 2040 1182 2124 plerum-

126 2133 191 2227 que
213 2144 377 2210 devovent
422 2164 495 2209 oum
522 2149 763 2228 superaverunt,
791 2145 937 2207 animalia
959 2149 1049 2228 capta
1070 2145 1182 2211 immo·

128 2251 207 2334 lant,
234 2251 373 2333 reliquas
395 2268 446 2314 res
473 2250 508 2314 in
535 2269 636 2313 unum
663 2250 768 2314 locum
796 2250 968 2314 coniemnt
1013 2251 1121 2316 multis
1147 2253 1209 2318 ina

127 2357 308 2422 civitatibus
334 2357 447 2420 harum
474 2375 582 2420 rerum
609 2360 770 2420 extructos
797 2355 943 2420 cumulos
969 2355 1047 2421 locis
1073 2375 1182 2422 conse·

126 2465 221 2528 cratis
247 2462 422 2546 conspicari
450 2463 537 2544 licet3
570 2481 674 2545 neque
701 2481 794 2545 saepe
821 2461 947 2544 accidit,
978 2467 1016 2525 ut
1041 2463 1208 2547 neglectas

128 2571 285 2654 quispiam
307 2568 460 2652 religione
484 2572 540 2632 aut
562 2572 654 2652 capta
675 2568 760 2651 apud
782 2586 816 2632 se
832 2567 989 2633 occultare
1005 2572 1060 2632 aut
1081 2570 1184 2652 posita

128 2676 237 2740 tollere
264 2675 408 2757 auderet,
439 2674 727 2757 gravissimumque
760 2674 791 2738 ei
816 2674 864 2738 rai
890 2672 1082 2757 supplicium
1109 2694 1182 2739 oum

128 2782 271 2844 cruciatu
293 2781 501 2844 constitutam
524 2784 579 2844 est
626 2778 709 2842 Galli
734 2799 769 2845 se
796 2798 906 2844 omnes
933 2779 972 2843 ab
995 2778 1068 2845 Dite
1095 2785 1183 2864 patre
1202 2785 1236 2842 18

128 2890 296 2969 prognatos
318 2885 503 2968 praedicant
525 2884 620 2968 idque
643 2885 682 2949 ab
699 2884 867 2949 druidibus
881 2885 1040 2969 proditum
1064 2885 1182 2950 dicunt

129 2990 169 3054 ob
193 3009 263 3054 cam
285 3009 413 3054 oausam
439 2992 541 3074 spatia
563 2991 666 3054 omnis
689 2991 837 3073 temporis
864 3009 930 3055 non
958 3010 1090 3056 numero
1118 2992 1211 3058 dis-r

129 3115 214 3179 rum,
246 3096 301 3159 sad
333 3097 475 3160 noctium
506 3094 635 3175 finiunt,
669 3095 736 3161 dies
768 3096 888 3159 natales
913 3101 944 3159 et
970 3097 1128 3160 mensium
1154 3101 1185 3161 et

130 3219 288 3265 annorum
311 3201 403 3264 initia
425 3202 470 3265 sio
489 3200 669 3284 observant,
692 3204 729 3264 ut
742 3206 868 3265 noctem
883 3200 950 3264 dies
966 3200 1184 3283 subsequatur.

131 3309 165 3371 in
187 3307 320 3389 reliquis
342 3306 426 3369 vitae
448 3305 604 3370 institutis
630 3306 691 3369 hoc
713 3306 777 3370 fers
804 3306 843 3369 ab
870 3306 1001 3388 reliquis
1029 3305 1212 3390 differunts

131 3412 218 3496 quod
241 3431 316 3476 suos
338 3410 468 3494 liberos,
491 3411 554 3474 nisi
577 3430 651 3475 oum
674 3410 893 3494 adolevanmt,
917 3416 953 3474 ut
971 3431 1089 3476 munus
1103 3413 1185 3476 mili-

132 3520 194 3583 tiae
216 3517 372 3582 sustinere
398 3517 532 3600 possint,
559 3516 663 3600 palam
689 3516 730 3579 ad
758 3534 791 3580 se
818 3516 905 3580 adira
932 3536 996 3581 non
1022 3519 1186 3602 patiuntur

131 3623 297 3706 filiumque
329 3621 443 3706 puerili
474 3625 574 3685 aetate
605 3620 640 3683 in
671 3621 798 3704 publico
830 3623 864 3684 in
891 3627 1063 3705 conspectu
1089 3625 1185 3706 patris

132 3731 283 3795 adsistere
305 3732 397 3812 turpe
421 3727 548 3791 ducunt
594 3727 677 3810 Viri,
705 3732 839 3810 quantas
862 3729 1013 3811 pecunias
1039 3727 1078 3791 ab
1106 3747 1186 3794 uxo·
1204 3743 1238 3801 19

132 3836 222 3901 ribus
245 3836 326 3900 dotis
347 3832 477 3898 nomine
500 3837 699 3918 acceperunt,
722 3838 825 3898 tantas
848 3851 890 3897 ex
905 3833 973 3898 suis
988 3833 1080 3898 bonis
1095 3835 1186 3899 aesti-

132 3943 271 4006 matione
300 3940 383 4005 iacta
413 3958 485 4004 cum
514 3939 640 4005 dotibus
672 3940 914 4004 communicant
963 3939 1058 4005 huius
1085 3941 1215 4007 omnisr
