2738 4424
191 209 233 275 16
588 229 853 286 sumamma

189 387 277 453 xime
303 389 427 455 ratione
453 390 540 475 feeit,
569 392 654 476 quod
679 392 783 455 noluit
810 410 883 455 eum
911 392 1029 474 locum,
1056 390 1143 456 unde
1170 389 1249 456 Hel-

190 494 268 558 vetii
291 495 512 582 discesserant,
539 516 662 582 vacare,
684 517 726 563 ne
748 501 876 582 propter
898 497 1072 562 bonitatem
1100 517 1248 582 agronrm

191 597 354 684 Germani,
380 604 436 685 qui
455 608 542 667 trans
566 602 714 668 Rhenum
738 603 898 686 incolunt,
922 622 964 668 ex
984 604 1051 668 suis
1075 602 1193 668 finibus
1212 603 1248 666 in

188 678 410 772 Helvetiorum
431 707 510 773 fines
532 710 703 774 transirent
727 715 759 775 et
779 709 908 774 finitimi
924 708 1043 775 Galliae
1066 710 1248 794 provinciae

161 811 477 896 eAllobrogibusque
500 819 613 880 essent
659 815 755 881 Bolos
777 816 958 900 petentibus
979 815 1135 900 Haeduis,
1162 815 1247 898 quod

189 919 315 1002 egregia
329 919 446 984 virtute
461 925 551 984 erant
569 921 699 1005 cogniti,
721 923 806 985 utin
820 921 938 987 finibus
953 924 1019 987 suls
1035 922 1245 1005 conlocarant,

188 1024 357 1105 eoncessit3
386 1024 503 1108 quibus
529 1025 578 1089 illi
605 1045 696 1111 agros
724 1027 880 1093 dederunt
908 1046 1050 1111 quosque
1076 1032 1186 1112 postea
1211 1026 1247 1090 in

187 1148 296 1212 parem
321 1130 402 1194 iuris
428 1130 645 1215 libertatisque
673 1134 904 1216 condicionem,
936 1138 1031 1216 atque
1058 1119 1119 1217 ipsi
1146 1138 1246 1217 erant,

131 1245 170 1301 29
187 1240 380 1319 receperunt
425 1237 466 1302 In
488 1239 598 1302 eastris
617 1237 838 1304 Helvetiorum
860 1239 984 1303 tabulae
1005 1245 1148 1323 repertae
1171 1245 1246 1304 sunt

185 1332 299 1407 littoris
316 1341 444 1408 Graecis
460 1344 619 1409 confectae
641 1349 674 1410 et
689 1345 730 1408 ad
745 1343 910 1410 Gaesarem
923 1346 1053 1430 relatae,
1078 1345 1194 1428 quibus
1209 1346 1245 1409 in

146 1448 302 1538 ..tabum
324 1451 512 1514 nominatim
534 1451 614 1515 ratio
638 1451 780 1516 confecta
794 1456 874 1535 erat,
898 1452 954 1535 qui
974 1469 1126 1516 numerus
1150 1452 1243 1516 domo

186 1555 303 1619 exisset
320 1575 442 1640 eorum,
466 1557 522 1639 qui
540 1575 628 1620 arma
649 1555 731 1620 ferre
749 1561 889 1642 possent,
912 1562 944 1622 et
965 1558 1042 1622 item
1065 1558 1243 1641 separatim,

158 1665 265 1740 aquot
289 1663 393 1745 pueri,
418 1681 511 1726 senes
530 1662 752 1745 mulieresque.
790 1661 938 1747 [quarum
959 1664 1103 1728 omnium
1121 1663 1241 1748 rerum]

185 1784 309 1830 summa
318 1772 385 1831 erat
394 1769 534 1851 capitum
544 1767 766 1833 Helvetiorum
778 1769 904 1833 milium
915 1768 1083 1854 CCLXIH,
1094 1769 1243 1853 Tulingo-

184 1891 258 1935 rum
280 1874 405 1937 milium
425 1874 588 1957 XXXVI,
614 1873 856 1959 Latobrigorum
883 1875 995 1958 XIIII,
1026 1876 1243 1940 Rauracorum

183 1976 313 2063 XXIII,
329 1979 483 2045 Boiorum
496 1980 645 2063 XXXII;
662 1999 704 2044 ex
715 1982 772 2066 hIs,
786 1983 840 2064 qui
856 1981 1035 2046 armaferre
1049 1985 1186 2066 possent,
1202 1982 1242 2046 ad

155 2085 272 2153 emilia
297 2087 473 2169 nonaginta
499 2087 572 2151 duo.
617 2107 741 2153 summa
768 2089 910 2151 omnium
936 2086 1066 2150 fuerunt
1090 2087 1131 2150 ad
1152 2089 1241 2150 milia

184 2189 407 2256 CCCLXVIII
434 2211 553 2275 eorum,
570 2195 625 2275 qui
637 2194 766 2258 domum
776 2194 948 2275 redierunt,
963 2211 1063 2257 censu
1073 2192 1189 2276 habito,
1205 2197 1241 2256 ut

183 2295 297 2361 Caesar
318 2300 541 2383 imperaverat,
563 2304 707 2382 repertus
730 2303 778 2364 est
799 2317 950 2363 numerus
972 2298 1097 2361 milium
1113 2296 1136 2361 G
1152 2303 1184 2362 et
1196 2297 1239 2362 X.

126 2408 165 2466 30
270 2403 360 2468 Bello
382 2403 603 2470 Helvetiorum
626 2405 767 2469 confecto
790 2406 886 2469 totius
908 2404 974 2468 fere
994 2403 1114 2468 Galbae
1136 2402 1239 2488 legati,

181 2510 340 2594 principes
355 2511 531 2595 civitatum,
554 2511 594 2575 ad
610 2509 776 2575 Gaesarem
795 2510 986 2595 gratulatum
1005 2514 1237 2573 convenerunt:

155 2616 365 2699 rintellegere
380 2635 461 2701 sese,
485 2618 610 2681 tametsi
623 2635 680 2700 pro
695 2615 857 2680 veteribus
873 2615 1093 2681 Helvetiorum
1111 2615 1238 2679 iniuriis

180 2723 290 2807 populi
304 2722 441 2787 Romani
463 2722 501 2786 ab
524 2723 574 2786 his
596 2740 714 2806 poenas
737 2721 819 2786 bello
841 2722 1016 2805 repetisset,
1039 2725 1145 2784 tamen
1168 2741 1238 2785 eam

180 2848 249 2893 rem
271 2847 338 2893 non
360 2830 467 2892 minus
490 2848 531 2893 ex
552 2848 615 2893 usu
638 2827 762 2914 [terrae]
784 2827 903 2892 Galbae
927 2846 1023 2910 quam
1043 2827 1154 2910 populi
1175 2826 1238 2891 Ro-

150 2936 267 3002 rmani
294 2935 457 3019 accidisse,
489 2940 652 3018 propterea
679 2935 765 3016 quod
792 2953 828 2998 eo
852 2933 983 2997 oonsilio
1005 2932 1238 2997 florentissimis

180 3040 277 3106 rebus
304 3042 414 3105 domos
441 3060 515 3105 suas
542 3040 682 3105 Helvetii
707 3040 922 3124 reliquissent,
957 3040 1004 3102 uti
1031 3039 1089 3102 toti
1117 3038 1232 3103 Galliae

180 3148 300 3213 bellum
321 3148 475 3212 inferrent
495 3147 692 3231 imperioque
715 3147 892 3230 potirentur
913 3145 1084 3227 locumque
1108 3145 1224 3209 domici

180 3254 223 3317 lio
240 3274 281 3319 ex
296 3272 410 3336 magna
426 3254 516 3336 copia
539 3253 726 3338 deligerent,
750 3272 846 3337 quem
861 3271 903 3317 ex
926 3252 1012 3315 omni
1029 3249 1131 3314 Gallia
1146 3270 1238 3335 opor-

180 3361 384 3423 tunissimum
417 3378 453 3422 ao
483 3358 770 3424 fructuosissimum
799 3359 1004 3441 iudicassent,
1033 3358 1237 3440 reliquasque

151 3466 323 3531 roivitates
346 3465 563 3548 stipendIan'as
586 3465 747 3531 haberent
784 3466 954 3550 petierunt,
979 3464 1024 3527 uti
1048 3463 1110 3526 sibi
1133 3462 1237 3526 conoi-

180 3570 260 3633 lium
282 3571 379 3633 totius
403 3570 523 3637 Galliae
546 3572 581 3635 in
597 3571 681 3635 dnm
696 3576 814 3636 certam
828 3571 968 3635 indicere
982 3570 1080 3651 idque
1096 3567 1237 3640 Caesaris

180 3675 342 3740 voluntate
358 3676 461 3741 iacere
475 3677 599 3741 liceret:
624 3697 693 3742 sese
707 3676 823 3742 habere
840 3677 992 3759 quasdam
1009 3693 1072 3758 res,
1097 3693 1176 3757 quas
1196 3692 1238 3737 ex

151 3783 342 3847 oeommuni
366 3801 524 3847 consensu
546 3783 585 3846 ab
609 3802 646 3849 eo
668 3789 775 3868 petere
798 3783 924 3848 vellent.
970 3799 1063 3846 aare
1086 3779 1238 3864 permissa

182 3885 267 3950 diem
279 3888 412 3952 coneilio
426 3891 659 3954 constituerunt
674 3891 782 3954 etiure
796 3889 940 3970 iurando,
951 3906 992 3951 na
1005 3887 1076 3968 quis
1092 3885 1238 3950 enuntia·
