2738 4424
183 247 224 311 60
576 263 680 318 Bam
701 262 841 318 arenci

127 429 164 486 2⁶2
181 426 300 503 petunt
332 440 397 504 que
410 441 446 486 re
460 422 625 506 impetrata
639 441 727 485 arma
741 422 863 486 tradere
877 422 956 485 iussi
967 420 1094 483 feriunt.
1125 420 1233 500 Atque

180 526 215 588 in
231 544 301 589 eam
315 545 383 590 rem
398 528 539 591 omnium
555 533 734 592 nostrorum
748 528 877 592 intentis
889 527 1002 590 animis
1017 525 1079 589 alia
1094 530 1233 606 exparte

182 632 288 715 oppidi
315 632 528 718 Adiatunnus,
562 635 618 717 qui
648 653 804 697 summam
835 632 961 716 imperii
992 631 1128 714 tenebat,
1160 648 1235 693 cum

154 735 236 810 2Dc
264 737 397 822 devotis,
430 757 510 821 quos
535 739 583 802 illi
610 739 767 803 soldurios
795 739 965 822 appeliant,
993 755 1128 819 quorum
1155 734 1234 798 haec

182 849 231 906 est
251 843 407 926 condicio,
433 850 470 909 ut
492 844 639 909 omnibus
661 846 696 908 in
719 846 784 908 vita
805 842 978 907 commodis
1005 861 1070 906 una
1096 861 1170 904 oum
1192 839 1234 902 iis

181 946 338 1033 duanam
375 967 510 1031 quorum
540 966 575 1014 se
606 950 762 1014 amicitiae
793 949 981 1032 dediderint,
1017 946 1045 1012 si
1076 945 1154 1029 quid
1184 945 1234 1008 his

182 1055 326 1136 pervim
348 1055 479 1137 aecidat,
506 1059 562 1118 ent
583 1055 720 1120 eundem
744 1073 853 1119 casum
874 1073 940 1117 una
964 1052 1067 1117 ferant
1092 1056 1146 1116 aut
1172 1050 1234 1115 sibi

154 1163 316 1231 amortem
338 1162 547 1241 consciscant3
571 1179 675 1242 neque
697 1160 801 1224 adhuc
823 1160 987 1223 hominum
1010 1158 1164 1221 memoria
1185 1173 1234 1220 re·

182 1270 290 1349 pertus
312 1270 361 1329 est
383 1266 565 1350 quisquam,
589 1267 644 1349 qui
667 1285 704 1330 eo
723 1265 900 1349 interfecte,
923 1265 1015 1329 cuius
1030 1281 1064 1328 se
1080 1263 1234 1326 amicitiae

155 1399 168 1442 4
183 1369 368 1453 devovisset
387 1376 522 1435 mortem
541 1376 757 1436 recusaret-
772 1389 845 1435 cum
859 1370 909 1435 his
921 1369 1126 1433 Adiatunnus
1143 1388 1235 1452 erup·

181 1476 301 1539 tionem
331 1476 434 1541 iacere
465 1482 597 1542 conatus
628 1476 764 1540 clamore
796 1475 835 1539 ab
868 1495 905 1541 ea
936 1479 1023 1560 parte
1048 1473 1236 1538 munitionis

182 1581 319 1663 sublato,
346 1600 419 1645 oum
441 1581 481 1645 ad
503 1601 591 1645 arma
615 1582 733 1646 milites
760 1582 994 1646 concurrissent
1020 1581 1235 1646 vehementer·

183 1705 244 1769 que
266 1685 312 1749 ibi
332 1690 507 1770 pugnatum
529 1691 624 1771 esset,
646 1686 792 1770 repulsus
814 1688 849 1750 in
872 1686 1024 1770 oppidum
1046 1691 1165 1768 tamen,
1186 1684 1235 1749 uti

182 1791 292 1856 eadem
310 1791 479 1857 deditionis
501 1792 688 1857 condicione
703 1796 857 1876 uteretur,
880 1811 900 1855 a
917 1791 1028 1856 Crasso
1047 1791 1235 1875 impetravit

127 1915 164 1974 23
268 1898 376 1963 Armis
407 1896 633 1980 obsidibusque
665 1898 800 1981 acceptis
836 1895 966 1962 Crassus
996 1897 1033 1961 in
1062 1896 1144 1962 fines
1173 1895 1235 1960 Vo-

153 2004 299 2073 aoatium
329 2008 362 2068 et
385 2002 584 2067 Tarusatium
615 2003 773 2088 profectus
805 2008 860 2068 est
904 2009 973 2068 tum
1004 2021 1078 2067 vero
1110 2002 1236 2066 barbari

181 2109 341 2193 commoti,
364 2109 449 2193 quod
473 2109 624 2193 oppidum
646 2113 678 2174 et
698 2114 813 2172 natura
833 2109 896 2173 loci
910 2114 943 2173 et
955 2127 1055 2172 manu
1074 2109 1235 2172 munitum

180 2215 290 2299 paucis
306 2213 430 2298 diebus,
453 2214 571 2298 quibus
586 2233 623 2279 eo
638 2219 769 2279 ventum
789 2219 866 2298 erat,
889 2219 1104 2298 expugnatum
1119 2232 1235 2298 cogno-

181 2324 307 2402 verant,
328 2320 448 2404 legatos
464 2339 590 2403 quoque
604 2338 717 2385 versus
733 2320 902 2404 dimittere,
918 2320 1093 2401 coniurare,
1109 2319 1235 2384 obsides

155 2425 266 2495 sinter
287 2443 322 2489 se
344 2425 430 2508 dare,
457 2427 563 2509 copias
589 2445 699 2508 parare
721 2430 900 2508 coeperunt
944 2426 1114 2489 mittuntur
1140 2425 1233 2490 etiam

182 2528 223 2593 ad
254 2548 306 2593 eas
337 2531 477 2596 civitates
507 2531 615 2614 legati,
652 2550 732 2613 quae
768 2537 842 2596 sunt
872 2531 1026 2596 citerioris
1060 2530 1234 2615 Hispaniae

181 2632 335 2699 finitimae
357 2636 561 2718 Aquitaniae:
589 2636 664 2700 inde
691 2637 811 2700 auxilia
838 2637 998 2719 ducesque
1024 2641 1234 2701 arcessuntur.

154 2758 318 2822 aquorum
341 2740 480 2805 adventu
505 2760 619 2824 magna
641 2759 715 2805 cum
737 2742 920 2806 auctoritate
946 2746 978 2806 et
999 2761 1114 2826 magna
1136 2740 1232 2827 [oum]

155 2845 348 2916 shominum
368 2846 571 2911 multitudine
586 2845 707 2910 bellum
720 2865 830 2930 gerere
845 2853 1007 2912 conantur.
1046 2848 1142 2912 duces
1158 2866 1234 2913 vero

181 2952 206 3015 ii
228 2949 421 3034 deliguntur,
445 2951 501 3035 qui
523 2971 587 3016 una
609 2970 683 3015 enm
706 2949 740 3028 Q.
764 2950 901 3017 Sertori0
925 2970 1033 3018 omnes
1048 2971 1148 3017 annos
1165 2954 1233 3019 fue-

181 3061 254 3121 rant
275 3076 494 3140 summamque
516 3058 679 3121 seientiam
701 3058 747 3121 rei
769 3058 913 3122 militaris
935 3057 1050 3123 habere
1073 3059 1232 3123 existima·

155 3162 305 3232 abarum.
341 3163 376 3226 hi
391 3164 617 3228 consuetudine
632 3163 740 3246 populi
762 3162 899 3227 Romani
913 3163 983 3227 loca
998 3183 1116 3248 capere,
1132 3170 1234 3230 castre

155 3294 169 3340 v
182 3269 322 3353 munire,
340 3268 566 3334 commeatibus
578 3274 703 3333 nostros
716 3268 925 3333 intercludere
937 3271 1115 3334 instituunt
1147 3271 1233 3353 quod

183 3372 239 3439 ubi
260 3373 391 3439 Crassus
413 3375 635 3438 animadvertit
655 3393 729 3438 suas
751 3375 855 3458 copias
876 3380 1005 3459 propter
1026 3377 1232 3459 exiguitatem

182 3498 247 3544 non
272 3480 364 3544 facile
391 3479 512 3562 diduci,
538 3481 659 3544 hostem
684 3484 717 3544 et
742 3481 851 3564 vagari
878 3484 909 3544 et
934 3481 1003 3544 vias
1030 3480 1174 3545 obsidere
1201 3487 1232 3546 et

183 3586 292 3650 caetus
315 3586 390 3649 satis
415 3586 563 3669 praesidii
589 3585 782 3668 relinquere,
810 3585 850 3649 ob
877 3605 946 3650 eam
973 3605 1101 3650 causam
1126 3591 1232 3650 minus

183 3691 347 3755 commode
371 3690 564 3755 frumentum
591 3695 863 3773 commeatumque
890 3691 950 3754 sibi
981 3691 1169 3775 supportari,
1196 3692 1230 3754 in

183 3795 250 3859 dies
277 3796 414 3860 hostium
440 3814 609 3859 numerum
636 3796 759 3879 augeri,
789 3814 856 3859 non
882 3796 1094 3860 cuneandum
1123 3795 1231 3859 existi·

155 3901 293 3984 amavit,
311 3901 390 3984 quin
409 3921 515 3985 pugna
533 3900 712 3966 decertaret
752 3900 812 3965 hac
829 3919 864 3966 re
881 3901 922 3965 ad
938 3901 1104 3965 consilium
1123 3900 1230 3984 delata,
