2738 4424
187 275 206 338 6
582 290 688 345 BHLLI
709 291 851 348 GALLIOI

184 470 256 515 rum
288 455 320 517 et
346 450 553 517 Haeduorum
578 453 639 517 iter
665 453 702 516 in
729 451 905 517 Santonum
931 451 1012 519 fines
1039 452 1155 533 facere,
1189 451 1245 534 qui

183 573 250 620 non
287 555 382 640 longe
420 577 440 620 a
471 557 664 622 Tolosatium
697 557 816 622 finibus
850 558 978 640 absunt,
1018 576 1099 641 quae
1133 557 1243 621 civitas

157 665 233 726 aest
262 662 298 727 in
324 663 495 746 provincia.
545 664 579 727 id
605 665 633 728 si
659 662 762 746 fieret,
794 663 998 748 intellegebat
1027 682 1142 747 magno
1170 680 1243 726 cum

183 768 325 851 periculo
340 769 523 852 provinciae
537 769 692 853 diturum,
716 775 752 834 ut
770 771 915 834 homines
934 770 1113 852 bellicosos,
1134 768 1243 853 populi

183 873 319 938 Romani
345 875 503 957 inimicos,
530 876 608 940 locis
633 876 813 960 patentibus
840 877 1044 959 maximeque
1070 875 1243 940 frumenta-

156 980 239 1044 ariis
261 979 414 1044 finitimos
436 981 573 1046 haberet
613 981 652 1045 ob
681 1001 733 1046 cas
756 1001 867 1046 causas
890 983 920 1046 ei
939 981 1123 1063 munitioni,
1147 1000 1243 1064 quam

182 1085 311 1170 fecerat,
341 1085 374 1148 Τ.
398 1084 575 1151 Labienum
601 1087 741 1172 legatum
771 1087 926 1172 praeficit3
958 1088 1026 1171 ipso
1058 1088 1092 1150 in
1118 1087 1242 1151 italiam

182 1192 306 1276 magnis
332 1192 500 1257 itineribus
522 1194 685 1258 contendit
707 1193 850 1278 duasque
871 1193 918 1257 ibi
939 1192 1081 1278 legiones
1104 1193 1241 1257 conscri-

183 1297 230 1362 bit
251 1302 283 1361 et
296 1302 373 1381 tres,
397 1318 477 1382 quae
493 1300 613 1363 circum
627 1299 810 1382 Aquileiam
825 1299 1020 1383 hiemabant,
1043 1318 1085 1364 ex
1100 1299 1241 1362 hibernis

183 1404 290 1468 educit
316 1407 359 1486 et,
387 1422 451 1486 qua
475 1406 658 1487 proximum
679 1407 739 1469 iter
760 1406 795 1468 in
816 1406 1000 1470 ulteriorem
1028 1403 1164 1468 Galliam
1185 1422 1242 1487 per

155 1509 281 1592 aAlpes
303 1514 383 1593 erat,
405 1528 480 1574 cum
502 1510 551 1574 his
575 1512 717 1594 quinque
739 1511 917 1594 legionibus
931 1511 979 1575 ire
994 1510 1163 1575 contendit
1195 1509 1241 1573 ibi

183 1613 357 1679 Ceutrones
379 1618 411 1679 et
433 1613 589 1680 Graioceli
611 1621 643 1681 et
665 1615 828 1700 Caturiges
851 1617 931 1681 locis
953 1615 1167 1700 superioribus
1189 1635 1241 1679 oc·

155 1721 303 1804 ocupatis
329 1722 444 1787 itinere
472 1723 648 1786 exercitum
672 1722 839 1805 prohibere
866 1727 1028 1786 conantur.
1074 1722 1240 1805 complmi·

183 1826 244 1890 bus
261 1827 311 1891 his
325 1828 454 1912 proeliis
469 1828 571 1910 pulsis
590 1827 629 1891 ab
654 1825 762 1909 Ocelo,
786 1827 872 1911 quod
895 1832 942 1892 est
964 1829 1115 1912 oppidum
1137 1828 1241 1893 citeri·

184 1933 247 1996 oris
276 1934 459 2016 provinciae
486 1938 676 2017 extremum,
707 1935 741 1997 in
767 1932 848 1998 fines
875 1932 1106 1997 Vocontiorum
1132 1934 1240 1997 ulteri-

183 2040 248 2102 oris
279 2039 463 2122 provinciae
495 2039 548 2104 die
579 2040 711 2123 septimo
738 2040 895 2123 pervenit3
929 2039 1005 2103 inde
1032 2040 1067 2102 in
1093 2039 1239 2103 Allobro-

182 2165 259 2229 gum
284 2143 377 2229 fineS,
404 2144 443 2238 ab
466 2145 693 2230 Allobrogibus
715 2146 750 2209 in
773 2143 960 2228 Segusiavos
983 2145 1159 2208 exercitam
1181 2145 1239 2208 du·

181 2252 233 2315 clt
282 2250 316 2313 hi
346 2255 421 2314 sunt
450 2255 541 2315 extra
571 2253 768 2335 provinciam
798 2257 885 2315 trans
914 2249 1104 2314 Rhodanum
1135 2251 1238 2333 primi.

128 2363 163 2420 11
268 2355 409 2421 Helvetii
424 2358 489 2421 iam
510 2376 567 2440 per
588 2358 750 2441 angustias
773 2362 805 2421 et
825 2356 906 2421 fines
923 2354 1143 2439 Sequanorum
1164 2375 1238 2420 suas

181 2462 286 2546 copias
317 2462 522 2526 traduxerant
554 2467 585 2527 et
615 2464 650 2526 in
680 2461 887 2527 Haeduorum
918 2461 999 2528 fines
1029 2470 1239 2546 pervenerant

153 2584 353 2651 aeorumque
380 2588 472 2652 agros
496 2567 736 2651 populabantur.
781 2568 923 2653 Haedui,
955 2587 1028 2632 cum
1054 2587 1089 2633 se
1116 2586 1238 2650 suaque

181 2673 219 2737 ab
249 2674 289 2737 iis
317 2673 484 2738 defendere
510 2693 576 2738 non
601 2678 737 2758 possent
763 2675 883 2759 legatos
911 2675 951 2738 ad
974 2672 1139 2738 Caesarem
1165 2675 1237 2737 mit·

152 2784 252 2843 olunt
276 2784 423 2864 rogatum
450 2779 621 2843 auxilium:
653 2780 698 2844 ita
724 2798 759 2845 se
786 2781 1035 2862 omnitempore
1058 2779 1236 2863 depopulo

179 2883 321 2949 Romano
352 2886 481 2949 meritos
513 2903 595 2967 esse,
625 2889 663 2949 ut
692 2905 792 2970 paene
818 2887 854 2948 in
880 2889 1051 2968 conspectu
1077 2886 1237 2949 exercitus

180 2992 280 3055 nostri
306 2992 374 3074 agri
399 2992 529 3073 vastari,
555 2991 649 3056 liberi
677 2990 810 3076 [eorum]
839 2991 874 3055 in
900 2990 1085 3055 servitutem
1112 2989 1236 3073 abduci,

153 3097 295 3182 roppida
313 3098 491 3181 expugnari
508 3115 575 3161 non
590 3097 765 3162 debuerint.
802 3097 914 3162 eodem
929 3101 1068 3179 tempore
1084 3095 1234 3181 [Haedui]

179 3202 340 3287 Ambarri,
358 3203 528 3268 necessarii
543 3208 575 3267 et
590 3203 819 3286 consanguinei
834 3201 1054 3285 Haeduorum,
1070 3201 1237 3268 Caesarem

180 3310 346 3374 certiorem
366 3309 488 3374 faciunt
509 3327 579 3374 sese
598 3309 795 3393 depopulatis
810 3310 894 3393 agris
915 3327 983 3372 non
1004 3308 1097 3373 facile
1119 3309 1159 3372 ab
1183 3329 1236 3393 op

152 3415 261 3497 opidis
283 3416 349 3478 vim
370 3416 509 3479 hostium
529 3415 704 3499 prohibero.
747 3415 823 3480 item
847 3414 1048 3499 Allobroges,
1072 3415 1128 3496 qui
1150 3419 1236 3478 trans

179 3519 368 3584 Rhodanum
399 3522 486 3585 vicos
516 3522 796 3605 possessionesque
828 3521 998 3604 habebant,
1029 3520 1105 3604 fuga
1136 3538 1170 3584 se
1197 3519 1237 3583 ad

181 3624 344 3690 Caesarem
370 3627 529 3711 recipiunt
555 3631 586 3691 et
613 3627 830 3691 demonstrant
856 3627 917 3690 sibi
944 3631 1069 3710 praeter
1096 3625 1164 3708 agri
1187 3643 1237 3688 so-

152 3730 247 3797 olum
269 3731 349 3795 nihil
372 3751 441 3797 esse
454 3732 578 3816 reliqui.
614 3732 731 3816 quibus
746 3733 842 3797 rebus
864 3732 1019 3796 adductus
1035 3729 1149 3794 Caesar
1170 3748 1237 3793 non

180 3837 412 3921 expectandum
434 3838 495 3903 sibi
517 3840 638 3922 statuit,
661 3840 738 3903 dum
754 3838 902 3902 omnibus
921 3837 1057 3901 fortunis
1080 3835 1238 3900 sociorum

180 3944 374 4028 consumptis
395 3945 431 4008 in
453 3942 609 4008 Santonos
632 3944 773 4010 Helvetii
794 3943 1006 4028 pervenirent
