2738 4424
183 250 226 314 46
581 267 686 322 eninr
705 267 845 324 emmer

184 444 222 491 ao
250 428 410 510 supplices
441 448 520 493 usus
548 430 766 494 misericordia
796 431 971 514 videretur,
1003 429 1244 514 diligentissime

184 534 386 597 conservavit
416 535 545 616 suisque
577 533 696 598 finibus
728 539 822 616 atque
854 536 976 620 oppidis
1008 537 1057 599 uti
1087 536 1180 599 iussit
1212 539 1244 599 et

182 635 326 703 finitimis
348 640 526 725 imperavit,
549 646 585 705 ut
607 640 646 704 ab
669 641 785 704 iniuria
808 646 840 705 et
860 640 1017 705 maleficio
1041 660 1075 706 se
1102 660 1243 724 suosque

183 744 395 827 prohiberent.

129 852 166 910 29
271 851 435 935 Atuatuci,
468 853 506 917 de
538 852 654 936 quibus
687 871 783 936 supra
810 853 963 935 diximus,
996 872 1070 917 cum
1093 852 1242 919 omnibus

184 956 281 1039 copiis
308 958 428 1021 auxilio
451 958 578 1023 Nerviis
610 960 768 1041 venirent,
799 959 859 1022 hac
889 978 996 1042 pugna
1026 960 1172 1024 nuntiata
1200 978 1240 1024 cx

156 1062 295 1128 aitincrc
329 1064 459 1128 domum
489 1069 699 1144 reverterunt3
733 1065 856 1129 cunetis
889 1064 1011 1147 oppidis
1042 1064 1241 1146 castellisque

184 1168 315 1234 desertis
338 1190 396 1234 sua
419 1171 525 1234 omnia
546 1171 581 1234 in
604 1190 704 1235 unum
728 1171 878 1254 oppidum
901 1171 1025 1254 egregie
1043 1174 1157 1234 naara
1170 1190 1241 1233 mu·

155 1275 287 1340 anitum
309 1276 520 1340 contulerunt
559 1276 732 1359 quodcum
750 1295 791 1340 ex
807 1275 955 1340 omnibus
972 1276 1006 1338 in
1021 1276 1155 1340 circuitu
1170 1295 1241 1358 par-

182 1380 268 1444 tibus
291 1381 457 1446 altissimas
479 1363 587 1465 rupes
604 1381 807 1464 deiectusque
834 1381 975 1464 haberet,
1002 1400 1067 1444 una
1089 1399 1130 1446 ex
1151 1386 1241 1464 parte

181 1485 296 1550 leniter
327 1487 455 1551 acclivis
487 1488 591 1552 aditus
625 1489 659 1550 in
691 1487 890 1552 latitudinem
922 1505 988 1551 non
1019 1487 1153 1570 amplius
1184 1506 1240 1568 pe-

182 1590 259 1654 dum
292 1591 341 1656 CO
374 1593 626 1675 relinquebatur,
666 1612 761 1675 quem
796 1593 902 1656 locum
936 1592 1055 1676 duplici
1087 1593 1240 1655 altissimo

181 1716 274 1760 muro
297 1699 491 1780 munierant,
516 1703 584 1762 tum
599 1699 707 1784 magni
730 1699 879 1782 ponderis
903 1718 980 1762 saxa
1003 1703 1035 1764 et
1055 1705 1240 1783 praeacutas

154 1803 287 1868 strabos
308 1805 344 1867 in
366 1823 457 1868 muro
481 1804 696 1869 conlocabant
741 1805 802 1888 ipsi
826 1809 916 1868 erant
938 1824 980 1869 ex
1000 1804 1137 1870 Cimbris
1159 1805 1239 1868 Teu·

180 1910 328 1993 tonisque
351 1912 507 1995 prognati,
536 1912 604 1993 qui,
633 1930 707 1974 cum
734 1911 793 1974 iter
820 1910 854 1973 in
881 1910 1076 1993 provinciam
1098 1916 1240 1974 nostram

181 2021 276 2098 atque
291 2016 415 2080 ltaliam
430 2018 578 2098 iacerent,
601 2018 640 2081 iis
655 2017 899 2100 impedimentis,
922 2036 1004 2099 quae
1022 2036 1132 2081 secum
1147 2034 1240 2100 agore

181 2128 364 2206 asportare
392 2142 456 2186 non
482 2128 638 2207 poterant,
665 2124 744 2187 citra
770 2121 891 2186 flumen
912 2123 1061 2187 Rhenum
1089 2121 1239 2206 depositis

181 2229 358 2292 custodium
380 2249 422 2294 ex
444 2230 511 2294 suis
534 2248 571 2293 ac
592 2229 785 2313 praesidium
806 2229 855 2292 VI
876 2228 963 2290 milia
986 2228 1150 2291 hominum
1173 2244 1239 2288 una

154 2335 382 2416 sreliquerant
428 2335 460 2397 hi
487 2339 558 2418 post
585 2354 696 2398 eorum
719 2334 842 2398 obitum
863 2333 981 2396 multos
1004 2351 1104 2395 annos
1127 2350 1145 2395 a
1166 2330 1238 2394 fini·

181 2440 267 2504 timis
290 2441 452 2524 exagitati,
475 2461 549 2504 curn
572 2440 649 2504 alias
671 2439 791 2504 bellum
813 2439 977 2521 inferrent,
1004 2439 1081 2502 alias
1103 2436 1238 2500 inlatum

183 2545 399 2629 defenderent,
432 2565 590 2611 consensu
622 2565 733 2610 eorum
765 2547 907 2609 omnium
938 2562 1014 2628 pace
1044 2544 1125 2607 facta
1152 2543 1237 2605 hunc

127 2666 164 2723 ao
181 2651 242 2716 sibi
266 2651 423 2715 domicilio
447 2653 552 2715 locum
577 2652 766 2735 delegerant.
811 2651 860 2714 Ac
875 2651 975 2734 primo
992 2650 1131 2712 adventu
1146 2666 1237 2712 exer-

181 2759 264 2822 citus
286 2759 385 2821 nostri
408 2757 533 2822 crebras
556 2778 598 2823 ex
621 2758 735 2842 oppido
759 2758 962 2821 excursiones
988 2754 1145 2819 faciebant
1167 2773 1237 2837 par-

154 2863 328 2945 avulisque
356 2864 482 2946 proeliis
510 2884 582 2928 cum
612 2865 727 2928 nostris
750 2861 994 2942 contendebant;
1022 2865 1131 2944 postea
1153 2859 1236 2923 vallo

180 2969 298 3053 pedum
320 2968 399 3052 XII,
426 2971 619 3034 incircuitu
646 2969 710 3033 XV
732 2969 857 3032 milium
889 2966 1069 3048 crebrisque
1101 2966 1237 3030 castellis

153 3076 417 3141 acircummuniti
444 3076 562 3159 oppido
586 3094 654 3140 sese
681 3073 891 3138 continebant.
940 3072 998 3136 ubi
1024 3073 1127 3136 vineis
1160 3072 1238 3136 actis

181 3201 294 3265 aggere
317 3187 458 3246 extructo
483 3183 594 3246 turrim
616 3180 727 3265 procul
750 3179 901 3244 constitui
916 3179 1076 3260 viderunt,
1098 3179 1237 3263 primum

180 3288 320 3352 inridere
347 3308 388 3352 ex
415 3307 506 3351 muro
534 3293 627 3369 atque
655 3286 842 3369 increpitare
870 3284 1015 3364 vocibus,
1043 3284 1128 3367 quod
1150 3289 1237 3346 tanta

153 3395 370 3458 emachinatio
399 3414 417 3457 a
444 3399 529 3458 tanto
560 3394 659 3476 spatio
686 3393 915 3456 institueretur:
949 3390 1138 3473 quibusnam
1170 3408 1237 3450 ma-

181 3499 276 3563 nibus
288 3505 342 3563 aut
357 3499 473 3581 quibus
484 3499 615 3582 uiribus
630 3499 813 3582 praesertim
827 3498 971 3561 homines
986 3495 1125 3560 tantulae
1138 3500 1235 3556 statu-

181 3624 243 3687 rae,
273 3642 313 3651 —
336 3625 411 3668 nam
428 3605 615 3689 plerumque
635 3604 780 3667 omnibus
801 3603 899 3667 Gallis
921 3620 996 3685 prae
1018 3598 1235 3683 magnitudine

181 3729 348 3794 corporum
370 3730 500 3774 sucrum
522 3711 658 3774 brevitas
673 3717 779 3774 nostra
798 3707 991 3790 contemptui
1009 3711 1068 3785 est,
1092 3740 1132 3749 —
1157 3703 1236 3765 tanti

183 3816 288 3881 oneris
310 3818 423 3879 turrim
452 3817 486 3878 in
507 3835 598 3879 muro
622 3835 690 3879 sese
718 3834 808 3898 posse
836 3813 999 3877 conlocare
1020 3809 1235 3874 confiderent?

127 3927 164 3984 81
182 3922 247 3986 Ubi
269 3941 343 3987 vero
359 3923 480 3986 moveri
496 3928 527 3986 et
542 3922 791 4005 adpropinquare
806 3919 907 3983 muris
922 3917 1079 3997 viderunt,
1093 3933 1176 3978 nova
1191 3919 1236 3977 at·
