2738 4424
210 276 273 340 130
604 290 709 345 BELLI
727 290 868 347 GALLIOI

182 452 347 519 eeundem
374 470 484 516 omnes
511 452 614 516 ierant
641 471 758 516 casum.
803 452 863 515 hoc
890 457 1013 517 veteres
1040 471 1106 516 non
1131 451 1268 536 probant

208 556 337 641 milites,
362 575 442 640 quos
464 557 523 621 sub
546 557 665 621 vexillo
688 577 754 621 una
769 558 924 641 profectos
940 558 1114 623 docuimus
1158 559 1266 641 itaque

209 663 292 728 inter
313 681 347 727 se
369 663 522 728 cohortati
546 663 626 729 duce
651 661 682 726 O.
704 663 873 747 Trebonio,
897 665 1003 747 equite
1024 664 1182 744 Romane,
1211 666 1266 747 qui

209 769 250 833 iis
271 773 337 833 erat
358 771 568 852 praepositus,
590 788 647 853 per
661 769 782 833 medios
797 769 902 834 hostes
918 773 1130 854 perrumpunt
1143 768 1266 833 incolu-

183 893 342 958 emesque
364 875 405 939 ad
427 894 527 938 unum
552 894 662 939 omnes
684 876 720 939 in
742 880 844 938 castra
866 876 1066 960 perveniunt
1111 876 1168 940 hos
1191 875 1266 938 sub·

210 981 311 1046 secuti
334 981 461 1046 calones
483 981 668 1064 equitesque
695 981 808 1045 eodem
835 981 956 1064 impetu
982 981 1120 1045 militum
1145 981 1266 1045 virtute

183 1091 383 1156 aservantnr.
433 1091 465 1152 at
491 1087 527 1170 ii,
560 1088 615 1170 qui
642 1088 676 1149 in
703 1088 778 1170 iugo
806 1087 1026 1170 constiterant,
1052 1086 1141 1151 nullo
1169 1086 1266 1150 etiarn

209 1211 297 1258 nunc
317 1212 378 1257 usu
400 1194 448 1257 rei
465 1193 611 1256 militaris
628 1198 774 1276 percepto
795 1210 902 1275 neque
920 1194 955 1256 in
974 1211 1026 1276 ee,
1049 1193 1136 1275 quod
1154 1191 1266 1276 proba

209 1302 333 1376 verant,
356 1298 487 1364 consilio
506 1317 701 1383 permanere,
725 1303 762 1361 ut
783 1317 817 1363 se
841 1299 911 1363 leco
934 1299 1096 1383 superiore
1118 1297 1266 1362 defende·

209 1408 293 1486 rent,
315 1423 419 1487 neque
441 1423 524 1486 eam,
548 1424 644 1487 quam
665 1405 821 1489 profuisse
836 1404 906 1468 aliis
920 1405 989 1468 rim
1011 1403 1267 1487 celeritatemque

209 1509 367 1592 viderant,
389 1510 507 1574 imitari
528 1514 712 1594 potnerunt,
735 1510 792 1574 sed
814 1512 904 1574 sein
927 1515 1028 1574 castra
1052 1509 1192 1594 recipere
1215 1528 1267 1573 oo·

184 1615 278 1685 anati
300 1614 449 1698 iniquum
470 1617 504 1678 in
526 1616 632 1679 locum
655 1617 857 1680 demiserunt
895 1617 1108 1699 centuriones,
1132 1634 1267 1698 quorum

210 1738 275 1785 non
297 1720 380 1785 nulli
401 1739 443 1785 ex
464 1721 666 1786 inferioribus
690 1721 854 1785 ordinibus
880 1722 1078 1802 reliquarum
1105 1721 1268 1806 legionum

209 1827 338 1891 virtutis
360 1846 456 1892 causa
477 1829 512 1890 in
535 1828 711 1912 superiores
740 1832 830 1892 erant
857 1828 984 1892 ordines
1010 1827 1109 1892 huius
1135 1828 1269 1912 legionis

211 1933 360 2017 traducti,
383 1951 424 1999 ne
447 1938 520 1999 ante
543 1938 664 2017 partam
686 1935 734 1998 rei
755 1933 901 1998 militaris
927 1933 1055 1998 laudem
1082 1934 1268 2018 amitterent,

184 2038 379 2107 aiortissime
411 2045 589 2124 pugnantes
621 2041 836 2104 conciderunt
884 2039 1024 2103 militnm
1055 2059 1127 2123 pars
1154 2039 1268 2103 horum

211 2145 329 2210 virtute
351 2145 506 2210 submotis
529 2146 674 2210 hostibus
693 2151 817 2230 praeter
832 2164 920 2230 spem
933 2145 1104 2209 incolumis
1118 2145 1153 2207 in
1169 2150 1269 2209 castra

156 2266 192 2321 ιι
210 2251 367 2335 pervenit,
398 2271 471 2335 pars
502 2271 521 2314 a
551 2251 694 2315 barbaris
726 2253 942 2316 circumventa
967 2251 1068 2335 periit
1120 2250 1268 2315 Germani

211 2356 376 2440 desperata
397 2358 632 2441 expugnatione
655 2363 840 2441 castrorum,
864 2357 949 2440 quod
966 2362 1091 2421 nostros
1106 2357 1170 2419 iam
1192 2375 1268 2421 con-

211 2462 327 2527 stitisse
350 2464 385 2526 in
405 2462 638 2527 munitionibus
660 2463 823 2545 videbant,
852 2482 925 2526 cum
952 2480 990 2526 ea
1015 2462 1144 2546 praeda,
1171 2479 1267 2543 quam

182 2566 242 2633 ain
265 2568 354 2632 silvis
377 2568 600 2652 deposuerant,
622 2573 709 2633 trans
731 2569 879 2635 Rhenum
901 2587 969 2633 sese
992 2571 1186 2650 receperunt
1230 2586 1268 2631 ac

208 2660 314 2737 tantus
336 2673 397 2737 fuit
424 2674 518 2738 etiam
539 2678 611 2758 post
634 2674 807 2740 discessum
828 2674 967 2738 hostium
999 2680 1112 2757 terror,
1142 2678 1193 2756 ut,
1230 2691 1269 2738 ea

209 2783 301 2843 nocte
324 2797 397 2842 cum
424 2776 456 2843 0.
480 2779 662 2844 Volusenus
688 2781 804 2844 missus
834 2799 908 2844 cum
935 2780 1078 2863 equitatu
1104 2779 1138 2842 in
1166 2784 1268 2843 castra

105 2928 108 2935 -
210 2884 360 2965 venisset,
383 2881 479 2949 fidem
493 2904 559 2948 non
574 2884 689 2950 iaceret
704 2884 814 2951 adesse
829 2905 903 2950 oum
925 2885 1078 2949 incolumi
1101 2884 1268 2950 Caesarem

184 2991 360 3058 aexercitu.
405 2991 451 3054 sic
466 2992 610 3054 omnium
626 2992 748 3055 animos
763 2992 859 3055 timor
873 2994 1095 3075 occupaverat,
1118 2995 1154 3055 ut
1168 3009 1268 3074 paene

211 3097 346 3161 alienata
376 3101 481 3162 mente
513 3097 624 3161 deletis
656 3096 803 3161 omnibus
835 3097 933 3180 copiis
961 3097 1137 3179 equitatum
1165 3115 1198 3161 se
1227 3115 1268 3160 ex

210 3203 287 3287 fuga
307 3202 462 3286 recepisse
485 3203 625 3267 dicerent
646 3221 751 3286 neque
766 3202 919 3267 incolumi
935 3203 1078 3267 exercitu
1094 3202 1270 3268 Germanos

185 3314 314 3375 rcastm
336 3314 570 3393 oppugnaturos
596 3309 693 3374 fuisse
717 3309 951 3373 contenderent.
1001 3326 1097 3391 quem
1122 3309 1268 3373 timorem

159 3429 195 3486 42
213 3413 355 3480 Caesaris
385 3415 541 3479 adventus
571 3415 708 3480 sustulit
756 3414 914 3478 Reversus
944 3413 1000 3478 ille
1032 3419 1166 3479 eventus
1192 3412 1268 3478 belli

212 3540 279 3585 nen
300 3521 451 3604 ignorans
473 3540 586 3603 unum,
610 3521 696 3604 quod
718 3520 861 3585 cohortes
884 3539 926 3584 ex
940 3520 1075 3584 statione
1097 3524 1129 3583 et
1150 3520 1266 3602 praesi-

215 3626 266 3691 dio
290 3629 395 3691 essent
417 3627 563 3709 emissae,
586 3631 717 3710 questus
731 3663 773 3674 -
789 3645 830 3691 ne
853 3626 1021 3690 minimum
1037 3625 1165 3708 quidem
1180 3622 1268 3687 casui

214 3731 321 3795 locum
343 3732 481 3816 relinqui
503 3732 707 3798 debuisse-
723 3731 859 3795 multum
874 3731 1032 3796 fortunam
1054 3731 1089 3795 in
1103 3727 1270 3813 repentino

188 3837 353 3904 ahostium
375 3837 514 3901 adventu
536 3838 676 3921 potuisse
697 3837 864 3920 indicavit,
885 3836 985 3901 multo
1009 3836 1105 3902 etiam
1124 3833 1269 3918 amplius,

216 3943 302 4026 quod
327 3960 428 4028 paene
460 3941 499 4007 ab
526 3943 593 4026 ipso
621 3943 704 4007 vallo
732 3942 893 4027 portisque
921 3945 1095 4006 castrorum
1120 3938 1274 4005 barbaros
