2738 4424
195 167 236 232 90
591 184 856 242 cumcuma

160 343 240 412 asic
270 345 320 408 uti
346 343 385 410 ab
413 345 512 431 signis
538 345 782 431 legionibusque
814 365 879 410 non
907 345 1102 410 absisterent
1152 341 1254 406 nostri

192 450 306 515 acriter
327 451 363 515 in
385 469 440 516 eos
461 451 583 536 impetn
609 451 691 516 facto
713 451 921 537 reppulenmt
946 468 1052 534 neque
1077 447 1176 512 finem
1198 464 1254 511 ae·

193 556 311 640 quendi
332 556 486 641 fecerunt,
509 557 614 642 quoad
637 558 778 623 subsidio
801 557 913 623 confisi
932 557 1068 641 equites,
1091 556 1254 637 cumpost

159 680 227 729 ase
248 661 391 748 legiones
413 664 570 747 viderent,
592 665 778 749 praecipites
799 664 906 729 hostes
921 666 1054 748 egerrmt
1069 677 1252 744 magnoque

191 786 302 834 eorum
324 788 457 834 numero
478 769 641 835 interfecto
664 788 770 854 neque
789 770 842 834 sui
859 768 1030 853 colligendi
1050 785 1156 850 neque
1174 783 1251 830 con·

160 900 177 942 a
191 874 323 939 sistendi
344 879 400 940 ant
422 895 465 940 ex
479 875 599 941 essedis
617 875 786 942 desiliendi
803 874 985 940 facultatem
1001 873 1165 939 dederunt
1207 890 1250 936 ex

189 980 249 1045 hac
263 982 339 1066 fuga
352 982 510 1067 protinus,
534 1001 614 1065 qnae
630 981 773 1065 undique
791 985 1018 1062 convenerant,
1041 978 1161 1043 auxilia
1184 976 1250 1040 dis·

190 1093 365 1170 cesserunt,
388 1106 492 1171 nequo
515 1092 587 1171 post
607 1087 641 1152 id
663 1092 788 1172 tempus
810 1107 963 1171 umquam
986 1085 1119 1152 summis
1140 1082 1248 1147 nobis-

133 1209 171 1265 18
189 1213 263 1258 cum
286 1194 385 1277 copiis
406 1193 512 1258 hostes
534 1192 772 1258 contenderunt
818 1192 932 1258 Caesar
958 1192 1085 1276 cognito
1113 1190 1247 1255 oonsilio

188 1319 299 1366 eorum
326 1299 367 1363 ad
389 1298 511 1364 flumen
536 1299 693 1364 Tamesim
724 1301 760 1364 in
785 1299 866 1365 fines
895 1297 1125 1364 Cassivellauni
1156 1314 1247 1360 exer·

188 1407 286 1470 citum
309 1405 415 1485 duxit3
441 1405 526 1488 quod
548 1404 670 1470 flumen
691 1424 757 1469 uno
781 1407 910 1469 omnino
933 1405 1003 1469 loeo
1025 1402 1172 1488 pedibus,
1199 1407 1246 1467 at-

159 1529 251 1594 aqnc
273 1511 334 1575 hoe
356 1528 461 1595 aegre,
484 1511 612 1576 transiri
634 1516 743 1595 potest
782 1530 819 1576 eo
843 1530 916 1575 cum
931 1512 1081 1594 venisset,
1104 1508 1246 1574 animad-

187 1617 283 1681 vertit
297 1616 337 1680 ad
349 1616 480 1680 alteram
493 1616 637 1681 fluminis
645 1617 744 1701 ripam
759 1637 890 1700 magnas
904 1635 974 1682 esse
987 1616 1094 1701 copias
1104 1615 1245 1680 hostium

156 1748 173 1789 a
186 1721 364 1787 instructas.
395 1725 464 1807 ripa
478 1728 586 1788 autem
600 1727 667 1788 erat
681 1725 782 1788 acutis
797 1723 932 1788 sudibus
947 1721 1159 1807 praefixisque
1173 1741 1245 1786 mu·

184 1829 264 1911 nita,
287 1826 495 1912 eiusdemque
518 1830 643 1914 generis
666 1829 726 1894 sub
750 1849 832 1913 aqua
855 1827 979 1893 defixae
1002 1827 1096 1892 sudes
1111 1827 1244 1892 flumine

154 1961 172 2003 4
184 1933 380 2019 tegebantur.
403 1935 452 1999 his
466 1935 562 2000 rebus
578 1935 712 2019 cognitis
727 1955 747 1999 a
761 1935 894 2019 captivis
907 1933 1113 2019 perfugisque
1128 1932 1244 1998 Caesar

153 2042 354 2124 apraemisso
378 2041 522 2123 equitatu
543 2041 710 2105 confestim
725 2041 864 2124 legiones
879 2040 1033 2122 subsequi
1047 2039 1147 2104 iussit
1185 2039 1243 2104 sed

183 2164 221 2210 aa
243 2147 401 2212 celeritate
424 2150 519 2230 atque
541 2164 578 2211 eo
601 2147 724 2230 impetu
746 2147 865 2211 milites
891 2147 1011 2228 ierunt,
1038 2164 1112 2210 cum
1139 2146 1242 2229 eapite

182 2251 249 2316 solo
272 2271 313 2316 ex
335 2272 418 2336 aqua
440 2256 596 2335 extarent,
619 2257 656 2316 ut
668 2252 775 2317 hostes
797 2252 951 2336 impetum
969 2252 1132 2336 legionum
1146 2254 1242 2335 atque

182 2358 326 2440 equitum
350 2358 506 2422 sustinere
527 2376 593 2421 non
610 2362 739 2442 possent
759 2358 909 2442 ripasque
932 2357 1125 2422 dimitterent
1147 2377 1184 2421 ac
1205 2377 1240 2423 se
1321 2398 1324 2403 -

125 2479 163 2535 ιο
180 2463 273 2546 fugae
294 2464 489 2528 mandarent
535 2462 804 2546 Cassivellaunus,
830 2468 986 2548 utsupra
1013 2462 1241 2528 demonstravi·

180 2586 266 2650 mus,
289 2570 377 2632 omni
399 2569 542 2653 deposita
563 2589 619 2654 spe
642 2571 854 2634 contentionis
873 2569 1010 2634 dimissis
1034 2569 1240 2653 amplioribus

180 2673 292 2756 copiis,
318 2675 447 2739 milibus
474 2675 600 2740 circiter
626 2674 692 2739 IIII
719 2676 951 2740 essedariorum
977 2676 1095 2741 relictis
1122 2676 1238 2741 itinera

179 2783 287 2844 nostra
308 2780 452 2845 servabat
473 2781 668 2865 paulumque
691 2801 732 2846 ex
753 2782 806 2846 ria
828 2781 1002 2847 excedebat
1015 2781 1157 2865 locisque
1178 2783 1237 2847 im·

178 2884 293 2969 peditis
315 2905 352 2950 ac
374 2886 573 2952 silvestribus
595 2907 665 2952 sese
687 2888 866 2953 occultabat
880 2892 976 2972 atque
990 2889 1031 2953 iis
1045 2889 1236 2973 regionibus,

179 2991 296 3074 quibus
316 3010 377 3057 nos
397 2993 459 3057 iter
471 2993 609 3058 facturos
624 2998 827 3078 cognoverat,
849 3013 964 3079 peoora
982 2999 1077 3076 atque
1091 2995 1236 3062 homines

149 3116 220 3165 aex
242 3099 326 3183 agris
352 3100 387 3164 in
413 3100 509 3164 silvas
536 3100 744 3184 compellebat
770 3104 814 3184 et,
841 3119 915 3164 oum
942 3102 1103 3184 equitabis
1129 3108 1237 3168 noster

178 3203 309 3269 liberius
330 3205 502 3288 praedandi
525 3207 734 3290 vastandique
756 3226 853 3271 causa
874 3224 909 3270 se
930 3207 966 3271 in
980 3226 1073 3291 agros
1095 3207 1236 3274 offiium

177 3314 238 3392 ret,
261 3311 408 3375 omnibus
430 3311 493 3376 viis
515 3313 700 3396 semitisque
723 3311 896 3377 essedarios
911 3330 954 3376 ex
969 3313 1059 3378 silvis
1074 3315 1237 3380 emittebat

178 3420 210 3481 et
230 3436 347 3502 magno
369 3437 444 3482 cnm
465 3417 606 3502 periculo
629 3423 811 3483 nostrorum
834 3418 979 3501 equitum
1002 3438 1075 3483 cnm
1089 3420 1140 3485 his
1160 3440 1235 3486 con·

147 3520 307 3608 adigebat
328 3529 423 3607 atque
450 3524 510 3588 hoc
532 3528 621 3589 metu
641 3524 737 3590 latins
764 3525 873 3609 vagari
898 3525 1093 3610 prohibebat
1138 3525 1234 3590 relin-

177 3629 347 3712 quebatur,
369 3634 405 3694 ut
425 3649 532 3714 neque
554 3629 682 3715 lougius
709 3630 748 3695 ab
771 3630 898 3715 agmine
924 3631 1086 3716 legionum
1114 3630 1233 3695 dmcedi

177 3732 292 3800 Caesar
317 3741 477 3820 pateretur
507 3741 539 3802 et
564 3740 688 3801 tantum
715 3737 799 3821 agris
826 3737 987 3802 vastandis
1013 3735 1232 3818 incendiisque

175 3837 329 3906 faciendis
359 3842 502 3907 hostibus
532 3847 714 3927 noceretur,
746 3846 901 3927 quantum
931 3843 967 3907 in
997 3841 1105 3908 labore
1136 3846 1233 3927 atquc

175 3945 289 4013 itinere
310 3947 476 4032 legionarii
498 3949 614 4014 milites
638 3948 762 4014 efficere
783 3952 936 4034 poterant.
