2738 4424
194 221 256 285 116
416 253 424 266 ·
587 236 692 292 Bam
710 236 852 293 GAHJCI

192 397 233 462 ad
255 396 422 462 arbitrium
443 398 664 484 iudiciumque
678 419 804 464 summa
818 399 962 463 omnium
980 418 1088 464 rerum
1103 397 1254 462 oonsilio-

165 522 327 587 crumque
348 504 464 568 redeat
510 504 607 587 idque
630 504 699 570 eius
724 507 772 570 rei
795 524 891 569 causa
917 504 1097 588 antiquitus
1123 504 1254 568 institu-

193 601 261 673 tum
283 608 422 693 ridetur,
445 628 486 674 ne
509 611 580 695 quis
603 610 758 694 explebe
781 615 891 675 contra
904 611 1115 694 potentiorem
1138 609 1254 673 anxilii

193 718 311 799 egeret;
335 734 411 780 suos
438 717 524 781 enim
551 718 685 800 quisque
713 717 848 801 opprimi
875 721 907 781 et
933 716 1160 781 circumveniri
1186 733 1253 778 uon

192 821 324 904 patitur,
350 839 466 904 neque,
497 822 589 887 alitor
614 823 643 887 si
668 822 773 906 iaciat,
800 822 899 886 ullam
925 823 1009 887 inter
1036 842 1111 887 suos
1139 820 1254 885 babeat

166 928 419 994 tauctoritatem
464 928 542 992 baec
565 929 674 993 eadem
698 929 779 992 ratio
802 932 851 993 est
871 929 907 991 in
925 947 1051 991 summa
1064 929 1164 992 totius
1179 926 1253 991 Gal·

193 1032 269 1114 liae;
292 1051 431 1117 namque
454 1051 563 1099 omnes
585 1034 728 1098 civitates
751 1033 872 1098 divisae
894 1039 970 1099 sunt
992 1034 1026 1097 in
1042 1033 1123 1098 duas
1137 1037 1252 1118 parma

140 1146 176 1203 12
194 1136 274 1202 Cum
297 1137 412 1204 Caesar
432 1139 468 1203 in
490 1138 625 1203 Galliam
647 1140 747 1221 venit,
769 1139 898 1204 alterius
920 1139 1069 1204 factionis
1090 1140 1253 1224 plincipes

167 1248 283 1312 serant
308 1243 448 1328 Haedui,
479 1245 609 1310 alterius
636 1243 785 1328 Sequani
835 1245 868 1308 hi
894 1264 968 1308 cum
994 1264 1053 1330 per
1079 1263 1115 1310 se
1145 1246 1253 1309 minus

192 1350 347 1433 valerent,
370 1350 455 1433 quod
478 1371 602 1416 summa
623 1353 791 1416 auctoritas
814 1352 991 1433 antiquitus
1019 1352 1145 1416 eratin
1167 1349 1254 1415 Hae-

193 1454 265 1519 duis
286 1475 484 1540 magnaeque
506 1475 617 1521 eorum
639 1461 729 1523 erant
750 1456 927 1539 clientelae,
956 1457 1133 1522 Germanos
1156 1461 1253 1539 atque

191 1561 389 1626 Ariovistum
411 1563 473 1627 sibi
495 1563 707 1628 adiunxerant
728 1581 846 1644 eosque
868 1561 909 1626 ad
932 1581 966 1627 se
980 1564 1106 1647 magnis
1119 1564 1253 1627 iacturis

164 1666 535 1753 apollicitationibusque
557 1669 777 1753 perduxerant
822 1667 951 1752 proeliis
979 1687 1055 1734 vero
1079 1669 1253 1753 compluri-

192 1772 252 1837 bus
274 1773 363 1839 factis
386 1775 533 1840 secundis
556 1780 650 1859 atque
672 1774 758 1839 omni
781 1773 945 1837 nobilitate
967 1773 1179 1839 Haeduorum
1201 1775 1252 1839 in·

192 1879 321 1946 terfecta
343 1885 464 1945 tantum
486 1883 625 1966 potentia
647 1884 889 1964 antecesserant,
912 1883 948 1944 ut
962 1899 1113 1964 magnam
1127 1885 1252 1965 partem

164 1986 356 2052 aelientium
378 1986 418 2051 ab
441 1985 583 2052 Haeduis
605 1986 645 2051 ad
667 2005 701 2052 se
724 1985 923 2050 traducerent
938 1985 1128 2069 obsidesque
1144 1985 1183 2051 ab
1200 1987 1251 2052 his

189 2091 374 2177 principum
395 2092 478 2160 filios
500 2095 679 2178 acciperent
692 2097 725 2159 et
738 2091 866 2177 publice
880 2093 986 2156 iurare
1002 2095 1154 2176 cogerent
1168 2093 1252 2156 nihil

191 2217 226 2265 aa
256 2205 367 2265 contra
397 2198 560 2283 Sequanos
586 2199 711 2264 consilii
741 2199 877 2262 inituros
908 2201 941 2262 et
966 2201 1089 2280 partem
1119 2196 1252 2263 finitimi

191 2307 259 2390 agri
281 2325 337 2391 per
358 2307 424 2370 vim
439 2311 623 2390 occupatam
637 2304 835 2389 possiderent
849 2301 1032 2383 Galliaeque
1048 2302 1145 2366 totius
1160 2305 1250 2386 prin·

163 2413 329 2496 acipatum
352 2411 539 2478 obtinerent
585 2431 649 2494 qua
669 2411 855 2476 necessitate
884 2408 1039 2472 adductus
1062 2405 1248 2475 Diviciacus

191 2517 303 2582 auxilii
328 2518 456 2602 petendi
483 2537 577 2583 causa
607 2517 741 2581 Romam
767 2515 807 2579 ad
834 2519 981 2580 senatum
1007 2511 1168 2596 profectus
1196 2515 1248 2579 in·

163 2623 270 2688 eiecta
295 2642 330 2688 re
360 2624 504 2688 redierat
553 2623 692 2688 advento
719 2620 860 2686 Caesaris
886 2620 968 2684 iacta
996 2618 1247 2686 commutatione

190 2747 309 2812 rerum,
342 2726 508 2793 obsidibus
539 2728 682 2793 Haeduis
712 2726 855 2809 redditis,
891 2723 1053 2790 veteribus
1089 2723 1247 2791 clientelis

190 2834 356 2916 restitutis,
378 2834 471 2897 novis
492 2829 733 2918 per'ansarem
748 2831 948 2914 comparatis,
973 2829 1063 2913 quod,
1081 2829 1115 2912 ii,
1139 2831 1247 2911 quise

191 2940 232 3006 ad
263 2957 373 3004 eorum
405 2939 576 3004 amicitiam
607 2938 867 3022 adgregaverant‚
900 2935 1029 2999 meliore
1057 2934 1246 3003 condicione

192 3049 286 3131 atque
316 3045 465 3128 aequiore
496 3045 627 3128 imperio
659 3061 693 3108 se
721 3041 768 3105 uti
795 3039 956 3125 videbant,
988 3040 1122 3124 reliquis
1148 3040 1246 3106 rebus

192 3171 303 3219 eorum
325 3151 425 3234 gratia
440 3151 653 3234 dignitateque
670 3145 857 3232 amplificata
874 3143 1016 3228 Sequani
1030 3146 1245 3230 principatum

165 3257 385 3327 adimiserant
435 3256 469 3319 in
500 3275 609 3321 eorum
640 3255 746 3319 locum
779 3252 870 3316 Remi
901 3254 1130 3332 successerant3
1165 3270 1245 3334 quos

194 3364 279 3452 quod
302 3362 478 3444 adaequare
505 3362 589 3446 apud
612 3360 777 3426 Gaesarem
803 3358 904 3442 gratia
929 3356 1183 3441 intellegebatur,
1212 3357 1245 3439 ii,

194 3471 250 3557 qui
270 3474 397 3554 propter
418 3472 539 3532 veteres
562 3467 742 3531 inimicitias
767 3461 973 3528 nullomodo
1001 3481 1074 3525 cum
1100 3460 1245 3527 Haeduis

167 3575 345 3661 econirmgi
366 3578 521 3658 poterant,
544 3591 577 3637 se
599 3573 707 3638 Remis
728 3573 763 3634 in
785 3568 964 3633 clientelam
986 3565 1140 3630 dicabant
1187 3565 1245 3629 hos

195 3687 243 3755 illi
264 3682 431 3769 diligenter
452 3678 635 3760 tuebantur3
659 3679 703 3743 ita
717 3679 748 3742 et
761 3693 878 3740 noram
893 3677 924 3735 et
937 3675 1065 3755 repente
1080 3671 1245 3736 collectam

169 3790 411 3870 tauctoritatem
433 3784 588 3850 tenebant
634 3802 671 3848 eo
695 3787 800 3846 tamen
821 3782 905 3842 statu
1115 3774 1183 3841 elo

164 3946 180 3957 ··
254 3926 330 3957 ‹oo-
372 3891 564 3961 haberentur
586 3889 725 3975 Haedui,
752 3902 850 3952 secun

84 4004 85 4007 Ἰ
344 4008 419 4048 ΝΜ
439 4001 495 4066 tut,
706 4062 711 4069 .
787 4024 792 4035 ι
833 4020 836 4027 ·
