2738 4424
203 233 264 297 140
599 249 705 306 BELLI
723 251 864 308 GALLIOI

149 418 179 470 1²
288 408 405 478 Castris
431 411 472 477 ad
499 430 568 477 eam
594 418 714 497 partem
743 414 850 498 oppidi
876 412 987 499 positis
1014 409 1130 478 Caesar
1177 423 1262 487 quae

200 517 378 582 intermissa
401 515 442 602 [a]
465 517 597 583 flumine
611 524 644 584 et
657 519 772 603 palude
788 519 920 601 aditum,
942 523 980 583 ut
996 537 1093 604 supra
1108 516 1261 599 diximus,

200 629 369 706 angustum
384 624 531 708 habebat,
554 644 700 710 aggerem
714 644 878 711 apparare,
900 625 1010 690 vinem
1025 641 1132 709 agera,
1152 626 1260 687 turres

201 730 280 792 duas
311 731 501 796 constituere
533 732 649 815 coepit3
682 751 756 796 nam
784 730 1024 796 circumvallare
1054 729 1116 793 loci
1144 733 1260 793 natura

175 834 391 919 aprohibebat
436 836 476 900 de
498 855 532 902 re
554 836 761 902 numerurm
782 838 880 903 Boios
906 841 1003 921 atque
1024 835 1176 900 Haeduos
1203 833 1260 898 ad-

202 942 319 1005 hortari
339 960 406 1006 non
422 943 553 1024 destitit3
578 961 715 1027 quorum
729 943 835 1028 alteri,
858 942 945 1026 quod
959 942 1049 1007 nullo
1065 940 1169 1007 studio
1185 958 1260 1024 uge-

201 1046 290 1130 bant,
312 1065 378 1112 non
400 1048 538 1113 multum
560 1048 766 1132 adiuvabant,
788 1049 879 1114 alteri
900 1069 967 1113 non
988 1048 1114 1133 magnis
1128 1046 1260 1112 faculta-

200 1152 299 1236 tibus,
322 1153 407 1236 quod
425 1155 536 1219 civitas
554 1159 623 1219 erat
640 1156 758 1240 exigua
780 1159 812 1221 et
828 1154 967 1238 infirma,
989 1153 1149 1235 celeriter,
1172 1151 1260 1236 quod

174 1284 188 1327 a
202 1258 392 1343 habuerunt,
411 1266 683 1344 consumpserunt
719 1280 845 1325 summa
859 1260 1043 1325 difficultate
1057 1259 1104 1323 rei
1118 1259 1260 1322 frumen-

201 1366 298 1430 tariae
314 1366 434 1430 adfecto
450 1367 592 1430 exercitu
606 1367 759 1432 tenuitate
773 1366 940 1451 Boiorum,
962 1365 1160 1449 indiligentia
1174 1363 1261 1429 Hae·

202 1472 350 1554 duorum,
371 1471 528 1536 incendiis
551 1471 780 1558 aedificiorum,
807 1490 911 1557 usque
937 1491 990 1554 eo,
1017 1478 1055 1536 ut
1080 1470 1262 1555 complures

203 1576 269 1641 dies
290 1576 448 1642 frumento
472 1579 590 1642 milites
612 1580 773 1643 caruerint
798 1583 832 1643 et
852 1596 965 1664 pecore
991 1597 1035 1643 ex
1055 1576 1262 1661 longinquio-

201 1681 290 1748 ribus
321 1683 402 1747 vicis
433 1683 543 1748 adacto
575 1689 751 1749 extremam
781 1684 898 1748 famem
925 1684 1144 1767 sustentarint,
1170 1681 1263 1746 nulla

201 1797 308 1853 tamen
329 1809 395 1854 vox
417 1795 465 1855 est
491 1789 530 1854 ab
553 1790 593 1854 iis
615 1790 724 1854 audita
748 1790 859 1874 populi
880 1789 1017 1854 Romani
1038 1789 1202 1854 maiestate
1230 1792 1264 1852 et

174 1894 418 1979 isuperioribus
440 1897 582 1960 victoriis
604 1895 743 1981 indigna.
783 1896 862 1979 quin
885 1897 980 1960 etiam
998 1894 1115 1960 Caesar
1136 1914 1211 1960 cum
1225 1894 1263 1958 in

201 2019 295 2085 opere
317 2003 458 2086 singulas
480 2002 621 2086 legiones
643 2002 815 2087 appellaret
836 2006 881 2085 et,
903 2002 931 2066 si
954 2001 1098 2067 acerbius
1119 2000 1262 2084 inopiam

199 2107 331 2190 ferrent,
362 2126 397 2173 se
425 2108 629 2173 dimissurum
657 2109 926 2193 oppugnationem
953 2107 1086 2191 diceret,
1116 2106 1263 2172 universi

173 2213 239 2280 sab
255 2232 306 2296 eo,
327 2233 369 2279 ne
384 2215 418 2278 id
432 2215 560 2297 faceret,
581 2214 743 2298 petebant:
767 2215 814 2279 sic
832 2233 867 2280 se
882 2214 1060 2298 complures
1083 2231 1184 2277 annos
1201 2212 1262 2277 illo

200 2321 374 2405 imperante
404 2321 572 2405 meruisse,
607 2325 645 2385 ut
675 2321 798 2386 nullam
830 2320 1039 2406 ignominiam
1071 2319 1261 2403 acciperent,

173 2445 375 2509 enumquam
396 2428 513 2491 inlecta
534 2445 568 2491 re
592 2425 802 2508 discederent;
826 2427 887 2492 hoo
909 2445 944 2491 se
958 2425 1154 2509 ignominiae
1176 2424 1261 2488 latu·

174 2550 252 2601 rros
276 2531 360 2614 loco,
390 2533 418 2596 si
444 2534 604 2616 inceptam
630 2532 899 2616 oppugnationem
924 2531 1140 2615 reliquissent;
1167 2550 1261 2615 prae-

200 2640 283 2701 stare
305 2656 415 2702 omnes
436 2638 574 2721 perferre
594 2638 791 2720 acerbitates,
815 2657 909 2721 quam
924 2657 989 2702 non
1004 2636 1129 2702 civibus
1143 2635 1261 2702 Roma

202 2743 265 2826 nis,
289 2743 344 2826 qui
367 2740 484 2807 Cenabi
503 2743 637 2826 perfidia
653 2744 816 2810 Gallorum
831 2745 1026 2829 interissent,
1048 2746 1260 2828 parentarent

174 2849 279 2917 ehaeo
301 2848 411 2914 eadem
434 2848 673 2914 centurionibus
688 2849 888 2934 tribunisque
902 2850 1041 2914 militum
1055 2847 1261 2932 mandabant,

149 2971 182 3026 18
201 2958 237 3019 ut
251 2973 308 3041 per
322 2972 377 3019 eos
392 2955 432 3018 ad
448 2953 612 3020 Gaesarem
629 2956 834 3021 deferrentn.
872 2953 951 3020 (lum
966 2957 1031 3019 iam
1045 2974 1137 3019 mmo
1153 2958 1259 3019 turres
1306 2948 1310 2952 ’

201 3060 517 3145 adpropinquassent,
545 3079 587 3126 ex
613 3062 745 3145 captivis
769 3060 884 3127 Caesar
910 3062 1058 3145 cognovit
1082 3060 1259 3144 Vercinge-

202 3167 337 3251 torigem
362 3172 547 3251 consumpto
569 3167 685 3252 pabulo
708 3173 810 3232 eastra
831 3168 968 3232 movisse
990 3167 1121 3251 propius
1142 3165 1258 3231 Arari·

201 3291 275 3338 cum
306 3278 402 3356 atque
428 3274 533 3358 ipsum
559 3293 632 3338 cum
660 3274 804 3357 equitatu
831 3274 1063 3358 expeditisque,
1091 3273 1147 3357 qui
1171 3273 1260 3336 inter

202 3379 325 3462 equites
355 3380 503 3464 proeliari
534 3385 752 3464 consuessent,
786 3379 959 3445 insidiandi
990 3397 1085 3442 causa
1115 3397 1153 3444 eo
1183 3397 1258 3462 pro·

200 3485 331 3569 fectum,
355 3504 418 3568 quo
440 3489 564 3550 nostros
578 3491 704 3569 postero
728 3485 779 3551 die
793 3485 979 3571 pabulatum
1001 3490 1151 3548 venturos
1173 3483 1257 3547 arbi·

174 3595 345 3657 amaretur.
391 3591 507 3676 quibus
528 3591 624 3656 rebus
646 3592 783 3675 cognitis
804 3592 911 3656 media
929 3595 1021 3655 nocte
1036 3591 1162 3654 silentio
1184 3609 1258 3673 pro-

174 3698 300 3763 afectus
322 3697 362 3761 ad
384 3699 523 3763 hostium
545 3703 645 3762 eastra
666 3716 759 3762 mane
781 3699 933 3781 pervenit
978 3697 1027 3760 illi
1042 3696 1186 3761 celeriter
1199 3714 1258 3778 per

202 3803 417 3885 exploratores
439 3804 579 3868 adventu
602 3802 743 3868 Caesaris
765 3804 892 3887 cognito
920 3822 1024 3866 carros
1050 3802 1260 3886 impedimen-

202 3913 297 3985 taque
319 3928 378 3973 sua
398 3909 435 3973 in
457 3909 587 3973 artiores
614 3909 709 3973 silvas
732 3909 931 3990 abdiderunt,
958 3909 1064 3991 copias
1091 3926 1201 3972 omnes
1223 3908 1258 3970 in
