2738 4424
426 225 533 282 LIBER
549 226 613 282 ΗΠ,
632 226 708 284 cnP.
726 227 848 284 30-35.
1124 213 1167 278 79

110 406 168 472 per
190 406 300 454 omnes
321 392 427 473 partes
442 383 651 473 'perequitant
677 393 710 453 et
730 389 794 453 tela
816 389 958 454 coiciunt
979 393 1075 473 atque
1096 388 1167 474 ipso

111 497 231 560 terrore
257 512 413 577 equorum
440 498 473 559 et
497 494 632 578 strepitu
656 497 799 559 rotarum
826 494 953 560 ordines
978 494 1168 579 plerumque

111 598 311 684 perturbant,
334 603 366 665 et
385 619 460 665 oum
474 617 509 665 se
522 600 606 665 inter
621 600 766 682 equitum
780 605 901 665 turmas
915 600 1168 686 insinuaverunt

113 723 155 770 ex
176 705 295 771 essedis
318 705 469 771 desiliunt
491 709 524 770 et
544 705 677 790 pedibus
695 706 899 790 proeliantur.
944 706 1073 791 aurigae
1087 706 1199 782 inte-2

112 811 174 876 rim
195 811 348 896 paulatim
370 830 413 876 ex
434 810 554 895 proelio
578 810 738 876 excedunt
759 816 855 896 atque
881 813 928 877 ita
954 831 1066 878 currus
1093 831 1169 877 con·

112 918 231 1002 locant,
257 922 307 1001 ut,
333 917 361 981 si
383 917 431 980 illi
454 937 474 981 a
495 916 701 982 multitudine
722 916 863 983 hostium
884 922 1082 1002 premantur,
1113 937 1169 984 ex·

112 1024 257 1109 peditum
292 1022 333 1086 ad
368 1041 443 1087 suos
478 1027 642 1106 receptum
677 1023 823 1089 habeant
881 1024 926 1088 ita
960 1023 1196 1102 mobilitatem„

114 1131 272 1214 equitum,
303 1128 507 1195 stabilitatem
537 1128 681 1214 peditum
711 1130 747 1193 in
773 1128 901 1214 proeliis
927 1133 1100 1215 praestant,
1132 1148 1169 1195 aa

113 1240 238 1302 tantum
268 1255 332 1300 usu
358 1235 518 1300 cotidiano
550 1239 582 1300 et
608 1235 834 1301 exercitatione
866 1234 1020 1319 efficiunt,
1054 1236 1104 1301 uti
1134 1236 1169 1300 in

114 1341 228 1408 declivi
250 1360 288 1407 ac
309 1341 474 1425 praecipiti
496 1340 567 1406 loco
586 1341 734 1405 incitatos
749 1359 849 1423 equos
863 1342 1019 1407 sustinere
1034 1346 1066 1406 et
1079 1341 1170 1408 brevi

112 1447 271 1513 moderari
293 1466 331 1512 ac
352 1445 479 1512 flectere
501 1450 533 1510 et
546 1463 602 1530 per
617 1450 776 1512 temonem
790 1465 975 1531 percurrere
997 1447 1168 1533 atiniago

112 1555 257 1620 insistere
276 1556 309 1618 et
330 1570 364 1617 se
381 1551 456 1616 inde
474 1552 508 1616 in
524 1569 636 1616 currus
652 1552 803 1618 citissime
818 1554 959 1636 recipere
977 1555 1168 1620 consuerint.

114 1657 238 1736 Quibus
260 1657 356 1723 rebus
377 1657 567 1742 perturbatis
590 1658 705 1723 nostris
724 1659 865 1724 novitate
879 1679 1006 1744 pugnae
1028 1664 1169 1745 tempore
1186 1685 1224 1742 34

114 1764 359 1851 oportunissimo
374 1760 488 1827 Caesar·
506 1763 663 1828 auxilium
681 1764 768 1846 tulit3
792 1783 931 1848 namque
946 1765 1016 1829 eius
1029 1765 1170 1830 adventu

113 1871 221 1935 hostes
243 1869 464 1950 constiterunt,
490 1869 590 1933 nostri
612 1888 647 1933 sc
669 1887 711 1934 ex
733 1871 846 1935 timore
869 1877 1066 1954 receperunt
1105 1890 1196 1953 quo2

112 1976 195 2040 facto
218 1974 258 2038 ad
279 1974 498 2039 lacessendum
524 1974 647 2039 hostem
673 1978 706 2040 et
731 1975 992 2041 committendum
1013 1975 1169 2060 proelium

114 2082 255 2146 alienum
277 2099 346 2146 esse
368 2083 493 2164 tempus
519 2079 689 2145 arbitratus
715 2099 773 2145 suo
796 2099 831 2146 se
857 2081 926 2146 loeo
954 2082 1112 2147 continuit
1138 2086 1170 2146 et

112 2187 204 2253 brevi
225 2192 367 2270 tempore
388 2185 569 2250 intermisso
591 2186 627 2249 in
649 2190 751 2251 castra
765 2186 905 2270 legiones
919 2188 1055 2252 reduxit
1093 2186 1199 2263 durna

113 2294 191 2360 haec
217 2297 385 2378 geruntur,
411 2293 528 2356 nostris
556 2291 704 2357 omnibus
732 2293 904 2378 occupatis,
937 2295 992 2376 qui
1019 2298 1108 2358 erant
1133 2293 1169 2358 in

115 2400 198 2484 agris
224 2399 353 2483 reliqui,
380 2398 600 2464 discesserunt.
645 2402 772 2464 secutae
794 2402 871 2462 sunt
891 2401 1058 2465 continuos
1084 2418 1196 2475 com-4

114 2506 221 2591 plures
244 2503 311 2569 dies
333 2509 547 2588 tempestates,
569 2523 650 2588 quae
673 2508 705 2570 et
725 2509 850 2569 nostros
877 2505 912 2568 in
934 2507 1044 2570 castris
1071 2506 1170 2571 conti·

114 2617 228 2678 nerent
250 2616 282 2676 et
302 2610 427 2676 hostem
453 2630 472 2675 a
497 2630 605 2695 pugna
629 2609 840 2695 prohiberent
889 2612 1017 2678 interim
1042 2593 1196 2688 barbari5

115 2719 244 2783 nuntios
266 2717 302 2780 in
325 2735 435 2782 omnes
456 2721 562 2801 partes
577 2715 764 2782 dimiserunt
777 2718 1033 2802 paucitatemque
1046 2723 1170 2784 nostro·

116 2843 190 2888 rum
215 2824 356 2888 militum
381 2823 448 2887 suis
474 2821 736 2907 praedicaverunt
757 2827 801 2907 et,
828 2829 947 2907 quanta
968 2826 1103 2909 praedae
1124 2825 1170 2889 fa·

117 2929 246 2995 ciendae
268 2933 363 3013 atque
384 2929 420 2993 in
441 2933 629 3013 perpetuum
649 2930 700 2993 sui
714 2928 872 2995 liberandi
886 2930 1018 2995 facultas
1033 2932 1170 3013 daretur,

118 3036 146 3100 si
159 3034 319 3101 Romanos
334 3035 444 3099 caenis
456 3034 666 3118 expulissent,
681 3033 983 3100 demonstraverunt
1010 3037 1061 3102 his
1076 3037 1170 3102 rebus

118 3141 260 3208 celeriter
280 3159 396 3224 magna
417 3138 621 3205 multitudine
643 3138 801 3224 peditatus
823 3143 1046 3224 equitatusque
1063 3147 1171 3206 coacta

119 3247 160 3311 ad
183 3251 284 3310 castra
298 3250 462 3309 venerunt
508 3242 634 3327 Caesar,
657 3244 716 3309 etsi
733 3244 831 3328 idem,
855 3247 941 3328 quod
955 3248 1170 3331 superioribus
1187 3267 1227 3325 35

120 3351 232 3417 diebus
254 3349 422 3432 acciderat,
443 3350 511 3415 fore
533 3350 675 3433 ridebat,
697 3356 745 3433 ut,
772 3351 801 3414 si
823 3357 929 3417 essent
951 3351 1057 3418 hostes
1078 3354 1170 3438 pulsi,

120 3457 279 3523 celeritate
300 3455 478 3541 periculum
500 3455 685 3539 effugerent,
708 3460 815 3521 tamen
836 3463 949 3522 nactus
967 3461 1088 3542 equites
1111 3462 1171 3524 cir-

121 3564 200 3629 citer
220 3561 334 3646 XXX,
357 3580 437 3645 quos
460 3559 622 3625 Commius
643 3561 791 3646 Atrebas,
815 3562 854 3627 de
877 3583 940 3646 quo
956 3571 1028 3630 ante
1052 3565 1171 3631 dictum

122 3675 183 3754 est,
213 3688 322 3735 secum
348 3671 626 3752 transportaverat,
657 3667 797 3752 legiones
823 3670 858 3732 in
884 3672 952 3736 acie
978 3691 1035 3754 pro
1062 3675 1171 3738 castris

122 3776 292 3840 constituit
337 3774 505 3838 commisso
531 3773 651 3858 proelio
680 3774 800 3838 diutius
827 3782 1009 3841 nostrorum
1034 3779 1201 3848 militumr

122 3882 275 3967 impeturn
296 3878 403 3945 hostes
428 3877 510 3944 ferre
536 3898 602 3944 non
626 3884 799 3965 potuerunt
825 3900 861 3946 ao
888 3887 975 3967 terga
1001 3889 1171 3950 verterunt
