<?xml version="1.0" encoding="UTF-8"?>
<!DOCTYPE html PUBLIC "-//W3C//DTD XHTML 1.0 Transitional//EN"
    "http://www.w3.org/TR/xhtml1/DTD/xhtml1-transitional.dtd">
<html xmlns="http://www.w3.org/1999/xhtml" xml:lang="en" lang="en">
 <head>
  <title>
</title>
<meta http-equiv="Content-Type" content="text/html;charset=utf-8" />
  <meta name='ocr-system' content='tesseract 3.04.00' />
  <meta name='ocr-capabilities' content='ocr_page ocr_carea ocr_par ocr_line ocrx_word'/>
</head>
<body>
  <div class='ocr_page' id='page_1' title='image "./ciuliicaesarisb02meusgoog_0082.png"; bbox 0 0 2738 4424; ppageno 0'>
   <div class='ocr_carea' id='block_1_1' title="bbox 165 180 825 255">
    <p class='ocr_par' dir='ltr' id='par_1_1' title="bbox 165 180 825 255">
     <span class='ocr_line' id='line_1_1' title="bbox 165 180 825 255; baseline 0.012 -8"><span class='ocrx_word' id='word_1_1' title='bbox 165 180 207 247; x_wconf 78' lang='grc'>66</span> <span class='ocrx_word' id='word_1_2' title='bbox 560 196 666 253; x_wconf 80' lang='lat' dir='ltr'>enm</span> <span class='ocrx_word' id='word_1_3' title='bbox 684 196 825 255; x_wconf 70' lang='lat' dir='ltr'>sunuel</span> 
     </span>
    </p>
   </div>
   <div class='ocr_carea' id='block_1_2' title="bbox 127 357 1225 762">
    <p class='ocr_par' dir='ltr' id='par_1_2' title="bbox 127 357 1225 762">
     <span class='ocr_line' id='line_1_2' title="bbox 164 357 1225 442; baseline 0.005 -20"><span class='ocrx_word' id='word_1_4' title='bbox 164 358 217 442; x_wconf 79' lang='lat' dir='ltr'>gio</span> <span class='ocrx_word' id='word_1_5' title='bbox 231 357 393 442; x_wconf 84' lang='lat' dir='ltr'>paenitere</span> <span class='ocrx_word' id='word_1_6' title='bbox 407 376 537 423; x_wconf 86' lang='lat' dir='ltr'>neeesse</span> <span class='ocrx_word' id='word_1_7' title='bbox 552 364 613 441; x_wconf 89' lang='lat' dir='ltr'>est,</span> <span class='ocrx_word' id='word_1_8' title='bbox 635 379 710 424; x_wconf 84' lang='lat' dir='ltr'>cum</span> <span class='ocrx_word' id='word_1_9' title='bbox 731 360 862 426; x_wconf 88' lang='lat' dir='ltr'>incertis</span> <span class='ocrx_word' id='word_1_10' title='bbox 883 359 1067 426; x_wconf 90' lang='lat' dir='ltr'>rumoribus</span> <span class='ocrx_word' id='word_1_11' title='bbox 1081 360 1225 427; x_wconf 81' lang='lat' dir='ltr'><strong>serviant</strong></span> 
     </span>
     <span class='ocr_line' id='line_1_3' title="bbox 127 463 1225 550; baseline 0.005 -24"><span class='ocrx_word' id='word_1_12' title='bbox 127 467 197 528; x_wconf 77' lang='lat' dir='ltr'>eet</span> <span class='ocrx_word' id='word_1_13' title='bbox 217 463 361 547; x_wconf 79' lang='lat' dir='ltr'>plerique</span> <span class='ocrx_word' id='word_1_14' title='bbox 384 463 425 528; x_wconf 85' lang='lat' dir='ltr'>ad</span> <span class='ocrx_word' id='word_1_15' title='bbox 447 464 642 530; x_wconf 84' lang='lat' dir='ltr'>voluntatem</span> <span class='ocrx_word' id='word_1_16' title='bbox 665 483 776 530; x_wconf 89' lang='lat' dir='ltr'>eorum</span> <span class='ocrx_word' id='word_1_17' title='bbox 797 464 872 529; x_wconf 85' lang='lat' dir='ltr'>fieta</span> <span class='ocrx_word' id='word_1_18' title='bbox 895 466 1114 550; x_wconf 84' lang='lat' dir='ltr'>respondeant</span> <span class='ocrx_word' id='word_1_19' title='bbox 1153 463 1225 542; x_wconf 83' lang='lat' dir='ltr'>Qua</span> 
     </span>
     <span class='ocr_line' id='line_1_4' title="bbox 165 568 1223 656; baseline 0 -19"><span class='ocrx_word' id='word_1_20' title='bbox 165 568 395 637; x_wconf 84' lang='lat' dir='ltr'>eonsuetudine</span> <span class='ocrx_word' id='word_1_21' title='bbox 418 570 545 653; x_wconf 80' lang='lat' dir='ltr'>cognita</span> <span class='ocrx_word' id='word_1_22' title='bbox 566 568 694 652; x_wconf 78' lang='lat' dir='ltr'>Caesar,</span> <span class='ocrx_word' id='word_1_23' title='bbox 716 589 758 634; x_wconf 92' lang='lat' dir='ltr'>ne</span> <span class='ocrx_word' id='word_1_24' title='bbox 772 572 912 655; x_wconf 81' lang='lat' dir='ltr'>graviori</span> <span class='ocrx_word' id='word_1_25' title='bbox 926 572 1009 637; x_wconf 90' lang='lat' dir='ltr'>bello</span> <span class='ocrx_word' id='word_1_26' title='bbox 1034 576 1223 656; x_wconf 82' lang='lat' dir='ltr'>oeemueret,</span> 
     </span>
     <span class='ocr_line' id='line_1_5' title="bbox 138 665 1224 762; baseline 0.001 -20"><span class='ocrx_word' id='word_1_27' title='bbox 138 665 334 758; x_wconf 63' lang='lat' dir='ltr'>maturius,</span> <span class='ocrx_word' id='word_1_28' title='bbox 357 693 454 758; x_wconf 88' lang='lat' dir='ltr'>quam</span> <span class='ocrx_word' id='word_1_29' title='bbox 469 681 649 758; x_wconf 79' lang='lat' dir='ltr'>consuerat,</span> <span class='ocrx_word' id='word_1_30' title='bbox 672 677 713 740; x_wconf 84' lang='lat' dir='ltr'>od</span> <span class='ocrx_word' id='word_1_31' title='bbox 727 677 905 742; x_wconf 81' lang='lat' dir='ltr'>exereitum</span> <span class='ocrx_word' id='word_1_32' title='bbox 918 676 1138 762; x_wconf 80' lang='lat' dir='ltr'>proficiscitur.</span> <span class='ocrx_word' id='word_1_33' title='bbox 1184 696 1224 743; x_wconf 89' lang='lat' dir='ltr'>eo</span> 
     </span>
    </p>
   </div>
   <div class='ocr_carea' id='block_1_3' title="bbox 130 780 1225 3933">
    <p class='ocr_par' dir='ltr' id='par_1_3' title="bbox 130 780 1225 3933">
     <span class='ocr_line' id='line_1_6' title="bbox 165 780 1224 868; baseline 0.004 -25"><span class='ocrx_word' id='word_1_34' title='bbox 165 797 239 844; x_wconf 87' lang='lat' dir='ltr'>oum</span> <span class='ocrx_word' id='word_1_35' title='bbox 259 780 410 865; x_wconf 82' lang='lat' dir='ltr'>venisset,</span> <span class='ocrx_word' id='word_1_36' title='bbox 433 799 483 863; x_wconf 87' lang='lat' dir='ltr'>ea,</span> <span class='ocrx_word' id='word_1_37' title='bbox 505 799 588 863; x_wconf 90' lang='lat' dir='ltr'>quae</span> <span class='ocrx_word' id='word_1_38' title='bbox 609 780 677 847; x_wconf 88' lang='lat' dir='ltr'>fore</span> <span class='ocrx_word' id='word_1_39' title='bbox 699 784 877 867; x_wconf 85' lang='lat' dir='ltr'>suspicatus</span> <span class='ocrx_word' id='word_1_40' title='bbox 900 786 980 867; x_wconf 87' lang='lat' dir='ltr'>erat,</span> <span class='ocrx_word' id='word_1_41' title='bbox 1002 783 1085 847; x_wconf 79' lang='lat' dir='ltr'>facta</span> <span class='ocrx_word' id='word_1_42' title='bbox 1106 801 1224 868; x_wconf 84' lang='lat' dir='ltr'>eogno-</span> 
     </span>
     <span class='ocr_line' id='line_1_7' title="bbox 137 887 1224 971; baseline -0.001 -17"><span class='ocrx_word' id='word_1_43' title='bbox 137 887 224 954; x_wconf 84' lang='lat' dir='ltr'>svit:</span> <span class='ocrx_word' id='word_1_44' title='bbox 247 887 360 952; x_wconf 86' lang='lat' dir='ltr'>missas</span> <span class='ocrx_word' id='word_1_45' title='bbox 382 887 557 971; x_wconf 77' lang='lat' dir='ltr'>legationes</span> <span class='ocrx_word' id='word_1_46' title='bbox 584 887 623 951; x_wconf 87' lang='lat' dir='ltr'>ab</span> <span class='ocrx_word' id='word_1_47' title='bbox 650 907 717 952; x_wconf 94' lang='lat' dir='ltr'>non</span> <span class='ocrx_word' id='word_1_48' title='bbox 743 888 841 953; x_wconf 89' lang='lat' dir='ltr'>nullis</span> <span class='ocrx_word' id='word_1_49' title='bbox 868 888 1050 953; x_wconf 81' lang='lat' dir='ltr'>civitatibus</span> <span class='ocrx_word' id='word_1_50' title='bbox 1077 888 1118 953; x_wconf 92' lang='lat' dir='ltr'>ad</span> <span class='ocrx_word' id='word_1_51' title='bbox 1145 887 1224 953; x_wconf 78' lang='lat' dir='ltr'>(ier-</span> 
     </span>
     <span class='ocr_line' id='line_1_8' title="bbox 164 992 1225 1076; baseline 0.003 -20"><span class='ocrx_word' id='word_1_52' title='bbox 164 1011 276 1058; x_wconf 85' lang='lat' dir='ltr'>munos</span> <span class='ocrx_word' id='word_1_53' title='bbox 289 992 504 1075; x_wconf 83' lang='lat' dir='ltr'>invitatosque</span> <span class='ocrx_word' id='word_1_54' title='bbox 523 1012 591 1076; x_wconf 92' lang='lat' dir='ltr'>eos,</span> <span class='ocrx_word' id='word_1_55' title='bbox 613 993 661 1058; x_wconf 91' lang='lat' dir='ltr'>uti</span> <span class='ocrx_word' id='word_1_56' title='bbox 685 993 725 1057; x_wconf 87' lang='lat' dir='ltr'>ab</span> <span class='ocrx_word' id='word_1_57' title='bbox 744 993 856 1059; x_wconf 90' lang='lat' dir='ltr'>Rheno</span> <span class='ocrx_word' id='word_1_58' title='bbox 880 994 1092 1060; x_wconf 78' lang='lat' dir='ltr'>discederent:</span> <span class='ocrx_word' id='word_1_59' title='bbox 1117 995 1225 1059; x_wconf 89' lang='lat' dir='ltr'>omnia</span> 
     </span>
     <span class='ocr_line' id='line_1_9' title="bbox 138 1096 1224 1184; baseline 0 -20"><span class='ocrx_word' id='word_1_60' title='bbox 138 1096 268 1183; x_wconf 74' lang='lat' dir='ltr'>s[que],</span> <span class='ocrx_word' id='word_1_61' title='bbox 291 1117 372 1182; x_wconf 85' lang='lat' dir='ltr'>quae</span> <span class='ocrx_word' id='word_1_62' title='bbox 389 1099 616 1182; x_wconf 80' lang='lat' dir='ltr'>postulassent,</span> <span class='ocrx_word' id='word_1_63' title='bbox 640 1098 679 1162; x_wconf 90' lang='lat' dir='ltr'>ab</span> <span class='ocrx_word' id='word_1_64' title='bbox 702 1116 737 1163; x_wconf 90' lang='lat' dir='ltr'>se</span> <span class='ocrx_word' id='word_1_65' title='bbox 759 1098 827 1164; x_wconf 89' lang='lat' dir='ltr'>fore</span> <span class='ocrx_word' id='word_1_66' title='bbox 848 1105 964 1183; x_wconf 81' lang='lat' dir='ltr'>parata</span> <span class='ocrx_word' id='word_1_67' title='bbox 1003 1119 1068 1183; x_wconf 89' lang='lat' dir='ltr'>qua</span> <span class='ocrx_word' id='word_1_68' title='bbox 1088 1119 1144 1184; x_wconf 94' lang='lat' dir='ltr'>spe</span> <span class='ocrx_word' id='word_1_69' title='bbox 1167 1100 1224 1164; x_wconf 88' lang='lat' dir='ltr'>ad·</span> 
     </span>
     <span class='ocr_line' id='line_1_10' title="bbox 166 1204 1223 1290; baseline 0.001 -21"><span class='ocrx_word' id='word_1_70' title='bbox 166 1204 254 1270; x_wconf 83' lang='lat' dir='ltr'>ducti</span> <span class='ocrx_word' id='word_1_71' title='bbox 269 1204 418 1269; x_wconf 84' lang='lat' dir='ltr'>Germani</span> <span class='ocrx_word' id='word_1_72' title='bbox 431 1205 528 1269; x_wconf 85' lang='lat' dir='ltr'>latius</span> <span class='ocrx_word' id='word_1_73' title='bbox 541 1205 606 1268; x_wconf 88' lang='lat' dir='ltr'>iam</span> <span class='ocrx_word' id='word_1_74' title='bbox 620 1204 818 1290; x_wconf 79' lang='lat' dir='ltr'>vagabantur</span> <span class='ocrx_word' id='word_1_75' title='bbox 836 1210 868 1270; x_wconf 90' lang='lat' dir='ltr'>et</span> <span class='ocrx_word' id='word_1_76' title='bbox 889 1206 924 1270; x_wconf 91' lang='lat' dir='ltr'>in</span> <span class='ocrx_word' id='word_1_77' title='bbox 938 1204 1020 1272; x_wconf 86' lang='lat' dir='ltr'>fines</span> <span class='ocrx_word' id='word_1_78' title='bbox 1034 1205 1223 1270; x_wconf 83' lang='lat' dir='ltr'>Eburonum</span> 
     </span>
     <span class='ocr_line' id='line_1_11' title="bbox 166 1309 1224 1396; baseline 0.001 -21"><span class='ocrx_word' id='word_1_79' title='bbox 166 1315 198 1376; x_wconf 91' lang='lat' dir='ltr'>et</span> <span class='ocrx_word' id='word_1_80' title='bbox 219 1309 470 1393; x_wconf 76' lang='lat' dir='ltr'>Condrusorum,</span> <span class='ocrx_word' id='word_1_81' title='bbox 499 1312 555 1393; x_wconf 90' lang='lat' dir='ltr'>qui</span> <span class='ocrx_word' id='word_1_82' title='bbox 577 1316 653 1375; x_wconf 92' lang='lat' dir='ltr'>sunt</span> <span class='ocrx_word' id='word_1_83' title='bbox 673 1311 882 1376; x_wconf 69' lang='lat' dir='ltr'>Treverorum</span> <span class='ocrx_word' id='word_1_84' title='bbox 905 1311 1048 1394; x_wconf 84' lang='lat' dir='ltr'>clientes,</span> <span class='ocrx_word' id='word_1_85' title='bbox 1069 1329 1224 1396; x_wconf 83' lang='lat' dir='ltr'>pervene-</span> 
     </span>
     <span class='ocr_line' id='line_1_12' title="bbox 138 1415 1224 1502; baseline -0.001 -19"><span class='ocrx_word' id='word_1_86' title='bbox 138 1421 245 1483; x_wconf 80' lang='lat' dir='ltr'>eraut</span> <span class='ocrx_word' id='word_1_87' title='bbox 289 1416 485 1499; x_wconf 83' lang='lat' dir='ltr'>principibus</span> <span class='ocrx_word' id='word_1_88' title='bbox 508 1416 629 1481; x_wconf 82' lang='lat' dir='ltr'>Galliae</span> <span class='ocrx_word' id='word_1_89' title='bbox 647 1417 785 1481; x_wconf 82' lang='lat' dir='ltr'>evocatis</span> <span class='ocrx_word' id='word_1_90' title='bbox 801 1415 916 1481; x_wconf 79' lang='lat' dir='ltr'>Caesar</span> <span class='ocrx_word' id='word_1_91' title='bbox 938 1436 988 1502; x_wconf 88' lang='lat' dir='ltr'>ea,</span> <span class='ocrx_word' id='word_1_92' title='bbox 1011 1436 1092 1500; x_wconf 89' lang='lat' dir='ltr'>quae</span> <span class='ocrx_word' id='word_1_93' title='bbox 1107 1435 1224 1500; x_wconf 82' lang='lat' dir='ltr'>eogno-</span> 
     </span>
     <span class='ocr_line' id='line_1_13' title="bbox 165 1521 1224 1606; baseline 0.003 -22"><span class='ocrx_word' id='word_1_94' title='bbox 165 1525 267 1605; x_wconf 83' lang='lat' dir='ltr'>verat,</span> <span class='ocrx_word' id='word_1_95' title='bbox 290 1521 518 1586; x_wconf 81' lang='lat' dir='ltr'>dissimulanda</span> <span class='ocrx_word' id='word_1_96' title='bbox 539 1521 600 1586; x_wconf 91' lang='lat' dir='ltr'>sibi</span> <span class='ocrx_word' id='word_1_97' title='bbox 615 1522 810 1586; x_wconf 83' lang='lat' dir='ltr'>existimavit</span> <span class='ocrx_word' id='word_1_98' title='bbox 830 1540 1005 1606; x_wconf 88' lang='lat' dir='ltr'>eorumque</span> <span class='ocrx_word' id='word_1_99' title='bbox 1025 1523 1138 1586; x_wconf 86' lang='lat' dir='ltr'>animis</span> <span class='ocrx_word' id='word_1_100' title='bbox 1152 1541 1224 1606; x_wconf 93' lang='lat' dir='ltr'>per·</span> 
     </span>
     <span class='ocr_line' id='line_1_14' title="bbox 165 1626 1224 1711; baseline 0.001 -20"><span class='ocrx_word' id='word_1_101' title='bbox 165 1626 277 1692; x_wconf 88' lang='lat' dir='ltr'>muisis</span> <span class='ocrx_word' id='word_1_102' title='bbox 304 1631 336 1691; x_wconf 91' lang='lat' dir='ltr'>et</span> <span class='ocrx_word' id='word_1_103' title='bbox 362 1626 554 1692; x_wconf 84' lang='lat' dir='ltr'>confirmatis</span> <span class='ocrx_word' id='word_1_104' title='bbox 582 1628 790 1711; x_wconf 81' lang='lat' dir='ltr'>equitatuque</span> <span class='ocrx_word' id='word_1_105' title='bbox 821 1628 973 1711; x_wconf 88' lang='lat' dir='ltr'>imperato</span> <span class='ocrx_word' id='word_1_106' title='bbox 1001 1628 1122 1693; x_wconf 91' lang='lat' dir='ltr'>bellum</span> <span class='ocrx_word' id='word_1_107' title='bbox 1148 1647 1224 1692; x_wconf 86' lang='lat' dir='ltr'>eum</span> 
     </span>
     <span class='ocr_line' id='line_1_15' title="bbox 131 1730 1224 1818; baseline 0.001 -23"><span class='ocrx_word' id='word_1_108' title='bbox 131 1730 332 1804; x_wconf 72' lang='lat' dir='ltr'>uGermanis</span> <span class='ocrx_word' id='word_1_109' title='bbox 361 1750 472 1816; x_wconf 85' lang='lat' dir='ltr'>gerere</span> <span class='ocrx_word' id='word_1_110' title='bbox 504 1733 676 1797; x_wconf 85' lang='lat' dir='ltr'>constituit</span> <span class='ocrx_word' id='word_1_111' title='bbox 729 1732 777 1798; x_wconf 88' lang='lat' dir='ltr'>Re</span> <span class='ocrx_word' id='word_1_112' title='bbox 808 1733 1014 1798; x_wconf 82' lang='lat' dir='ltr'>frumentaria</span> <span class='ocrx_word' id='word_1_113' title='bbox 1044 1737 1224 1818; x_wconf 79' lang='lat' dir='ltr'>comparata</span> 
     </span>
     <span class='ocr_line' id='line_1_16' title="bbox 166 1838 1225 1924; baseline 0 -20"><span class='ocrx_word' id='word_1_114' title='bbox 166 1838 391 1922; x_wconf 90' lang='lat' dir='ltr'>equitibusque</span> <span class='ocrx_word' id='word_1_115' title='bbox 413 1838 543 1904; x_wconf 82' lang='lat' dir='ltr'>delectis</span> <span class='ocrx_word' id='word_1_116' title='bbox 564 1839 626 1903; x_wconf 91' lang='lat' dir='ltr'>iter</span> <span class='ocrx_word' id='word_1_117' title='bbox 646 1839 682 1902; x_wconf 94' lang='lat' dir='ltr'>in</span> <span class='ocrx_word' id='word_1_118' title='bbox 705 1856 744 1903; x_wconf 89' lang='lat' dir='ltr'>ea</span> <span class='ocrx_word' id='word_1_119' title='bbox 763 1839 836 1904; x_wconf 88' lang='lat' dir='ltr'>looa</span> <span class='ocrx_word' id='word_1_120' title='bbox 848 1840 952 1904; x_wconf 85' lang='lat' dir='ltr'>faeere</span> <span class='ocrx_word' id='word_1_121' title='bbox 967 1839 1083 1924; x_wconf 86' lang='lat' dir='ltr'>eoepit,</span> <span class='ocrx_word' id='word_1_122' title='bbox 1106 1839 1225 1922; x_wconf 94' lang='lat' dir='ltr'>quibus</span> 
     </span>
     <span class='ocr_line' id='line_1_17' title="bbox 138 1943 1223 2029; baseline -0.002 -18"><span class='ocrx_word' id='word_1_123' title='bbox 138 1945 201 2011; x_wconf 80' lang='lat' dir='ltr'>rin</span> <span class='ocrx_word' id='word_1_124' title='bbox 222 1945 302 2010; x_wconf 83' lang='lat' dir='ltr'>locis</span> <span class='ocrx_word' id='word_1_125' title='bbox 316 1963 386 2010; x_wconf 91' lang='lat' dir='ltr'>esee</span> <span class='ocrx_word' id='word_1_126' title='bbox 401 1944 576 2009; x_wconf 83' lang='lat' dir='ltr'>Germanos</span> <span class='ocrx_word' id='word_1_127' title='bbox 591 1943 747 2010; x_wconf 87' lang='lat' dir='ltr'>audiebat</span> <span class='ocrx_word' id='word_1_128' title='bbox 785 1964 805 2008; x_wconf 89' lang='lat' dir='ltr'>a</span> <span class='ocrx_word' id='word_1_129' title='bbox 826 1945 943 2028; x_wconf 92' lang='lat' dir='ltr'>quibus</span> <span class='ocrx_word' id='word_1_130' title='bbox 960 1963 1035 2009; x_wconf 87' lang='lat' dir='ltr'>eum</span> <span class='ocrx_word' id='word_1_131' title='bbox 1048 1963 1223 2029; x_wconf 81' lang='lat' dir='ltr'>paucorum</span> 
     </span>
     <span class='ocr_line' id='line_1_18' title="bbox 166 2050 1224 2134; baseline 0.001 -19"><span class='ocrx_word' id='word_1_132' title='bbox 166 2051 290 2116; x_wconf 91' lang='lat' dir='ltr'>dierum</span> <span class='ocrx_word' id='word_1_133' title='bbox 312 2052 373 2116; x_wconf 87' lang='lat' dir='ltr'>iter</span> <span class='ocrx_word' id='word_1_134' title='bbox 395 2050 531 2133; x_wconf 88' lang='lat' dir='ltr'>abesset,</span> <span class='ocrx_word' id='word_1_135' title='bbox 552 2050 649 2133; x_wconf 82' lang='lat' dir='ltr'>legati</span> <span class='ocrx_word' id='word_1_136' title='bbox 672 2050 710 2114; x_wconf 87' lang='lat' dir='ltr'>ab</span> <span class='ocrx_word' id='word_1_137' title='bbox 734 2051 774 2116; x_wconf 92' lang='lat' dir='ltr'>iis</span> <span class='ocrx_word' id='word_1_138' title='bbox 792 2055 963 2134; x_wconf 87' lang='lat' dir='ltr'>venerunt,</span> <span class='ocrx_word' id='word_1_139' title='bbox 986 2069 1123 2133; x_wconf 90' lang='lat' dir='ltr'>quorum</span> <span class='ocrx_word' id='word_1_140' title='bbox 1144 2051 1224 2116; x_wconf 83' lang='lat' dir='ltr'>haee</span> 
     </span>
     <span class='ocr_line' id='line_1_19' title="bbox 138 2155 1223 2242; baseline -0.003 -19"><span class='ocrx_word' id='word_1_141' title='bbox 138 2157 225 2224; x_wconf 79' lang='lat' dir='ltr'>sitiit</span> <span class='ocrx_word' id='word_1_142' title='bbox 247 2157 361 2222; x_wconf 87' lang='lat' dir='ltr'>oratio:</span> <span class='ocrx_word' id='word_1_143' title='bbox 385 2156 560 2222; x_wconf 83' lang='lat' dir='ltr'>Germanos</span> <span class='ocrx_word' id='word_1_144' title='bbox 581 2174 688 2239; x_wconf 90' lang='lat' dir='ltr'>neque</span> <span class='ocrx_word' id='word_1_145' title='bbox 709 2158 831 2240; x_wconf 88' lang='lat' dir='ltr'>priores</span> <span class='ocrx_word' id='word_1_146' title='bbox 852 2156 973 2242; x_wconf 85' lang='lat' dir='ltr'>populo</span> <span class='ocrx_word' id='word_1_147' title='bbox 992 2155 1135 2221; x_wconf 87' lang='lat' dir='ltr'>Romano</span> <span class='ocrx_word' id='word_1_148' title='bbox 1156 2155 1223 2221; x_wconf 91' lang='lat' dir='ltr'>bel·</span> 
     </span>
     <span class='ocr_line' id='line_1_20' title="bbox 164 2261 1223 2346; baseline 0.002 -20"><span class='ocrx_word' id='word_1_149' title='bbox 164 2263 233 2327; x_wconf 92' lang='lat' dir='ltr'>lum</span> <span class='ocrx_word' id='word_1_150' title='bbox 258 2263 375 2329; x_wconf 87' lang='lat' dir='ltr'>inferre</span> <span class='ocrx_word' id='word_1_151' title='bbox 400 2281 505 2346; x_wconf 90' lang='lat' dir='ltr'>neque</span> <span class='ocrx_word' id='word_1_152' title='bbox 533 2268 640 2327; x_wconf 88' lang='lat' dir='ltr'>tamen</span> <span class='ocrx_word' id='word_1_153' title='bbox 665 2280 826 2345; x_wconf 76' lang='lat' dir='ltr'>recusare,</span> <span class='ocrx_word' id='word_1_154' title='bbox 853 2262 881 2326; x_wconf 93' lang='lat' dir='ltr'>si</span> <span class='ocrx_word' id='word_1_155' title='bbox 906 2261 1115 2346; x_wconf 71' lang='lat' dir='ltr'>indemortui,</span> <span class='ocrx_word' id='word_1_156' title='bbox 1143 2262 1223 2345; x_wconf 90' lang='lat' dir='ltr'>quin</span> 
     </span>
     <span class='ocr_line' id='line_1_21' title="bbox 165 2366 1224 2453; baseline -0.001 -20"><span class='ocrx_word' id='word_1_157' title='bbox 165 2370 262 2433; x_wconf 85' lang='lat' dir='ltr'>annis</span> <span class='ocrx_word' id='word_1_158' title='bbox 288 2369 495 2451; x_wconf 85' lang='lat' dir='ltr'>contendant,</span> <span class='ocrx_word' id='word_1_159' title='bbox 523 2368 609 2450; x_wconf 90' lang='lat' dir='ltr'>quod</span> <span class='ocrx_word' id='word_1_160' title='bbox 637 2367 868 2432; x_wconf 82' lang='lat' dir='ltr'>Germanorum</span> <span class='ocrx_word' id='word_1_161' title='bbox 895 2368 1092 2432; x_wconf 83' lang='lat' dir='ltr'>consuetudo</span> <span class='ocrx_word' id='word_1_162' title='bbox 1120 2366 1224 2453; x_wconf 86' lang='lat' dir='ltr'>[bueo]</span> 
     </span>
     <span class='ocr_line' id='line_1_22' title="bbox 165 2472 1223 2557; baseline 0 -19"><span class='ocrx_word' id='word_1_163' title='bbox 165 2474 207 2538; x_wconf 92' lang='lat' dir='ltr'>sit</span> <span class='ocrx_word' id='word_1_164' title='bbox 233 2474 446 2539; x_wconf 88' lang='lat' dir='ltr'>amaioribus</span> <span class='ocrx_word' id='word_1_165' title='bbox 473 2474 601 2557; x_wconf 74' lang='lat' dir='ltr'>uada,</span> <span class='ocrx_word' id='word_1_166' title='bbox 629 2474 822 2557; x_wconf 87' lang='lat' dir='ltr'>quicumque</span> <span class='ocrx_word' id='word_1_167' title='bbox 848 2472 969 2537; x_wconf 88' lang='lat' dir='ltr'>bellum</span> <span class='ocrx_word' id='word_1_168' title='bbox 995 2472 1146 2556; x_wconf 85' lang='lat' dir='ltr'>inferant,</span> <span class='ocrx_word' id='word_1_169' title='bbox 1173 2491 1223 2538; x_wconf 90' lang='lat' dir='ltr'>re·</span> 
     </span>
     <span class='ocr_line' id='line_1_23' title="bbox 165 2578 1224 2663; baseline 0 -20"><span class='ocrx_word' id='word_1_170' title='bbox 165 2580 275 2644; x_wconf 84' lang='lat' dir='ltr'>sistere</span> <span class='ocrx_word' id='word_1_171' title='bbox 296 2598 402 2662; x_wconf 88' lang='lat' dir='ltr'>neque</span> <span class='ocrx_word' id='word_1_172' title='bbox 426 2579 595 2663; x_wconf 80' lang='lat' dir='ltr'>deprecari.</span> <span class='ocrx_word' id='word_1_173' title='bbox 639 2579 718 2643; x_wconf 87' lang='lat' dir='ltr'>haee</span> <span class='ocrx_word' id='word_1_174' title='bbox 740 2584 847 2642; x_wconf 91' lang='lat' dir='ltr'>tamen</span> <span class='ocrx_word' id='word_1_175' title='bbox 874 2578 992 2643; x_wconf 88' lang='lat' dir='ltr'>dioere:</span> <span class='ocrx_word' id='word_1_176' title='bbox 1021 2578 1147 2643; x_wconf 84' lang='lat' dir='ltr'>venisse</span> <span class='ocrx_word' id='word_1_177' title='bbox 1173 2579 1224 2643; x_wconf 92' lang='lat' dir='ltr'>in·</span> 
     </span>
     <span class='ocr_line' id='line_1_24' title="bbox 138 2683 1224 2769; baseline -0.001 -18"><span class='ocrx_word' id='word_1_178' title='bbox 138 2685 260 2767; x_wconf 69' lang='lat' dir='ltr'>tritos,</span> <span class='ocrx_word' id='word_1_179' title='bbox 282 2684 399 2750; x_wconf 87' lang='lat' dir='ltr'>eiectos</span> <span class='ocrx_word' id='word_1_180' title='bbox 415 2685 522 2765; x_wconf 91' lang='lat' dir='ltr'>domo;</span> <span class='ocrx_word' id='word_1_181' title='bbox 546 2685 573 2748; x_wconf 91' lang='lat' dir='ltr'>si</span> <span class='ocrx_word' id='word_1_182' title='bbox 593 2703 683 2749; x_wconf 85' lang='lat' dir='ltr'>suam</span> <span class='ocrx_word' id='word_1_183' title='bbox 698 2684 832 2767; x_wconf 83' lang='lat' dir='ltr'>gratiam</span> <span class='ocrx_word' id='word_1_184' title='bbox 845 2683 981 2749; x_wconf 87' lang='lat' dir='ltr'>Romani</span> <span class='ocrx_word' id='word_1_185' title='bbox 996 2683 1107 2769; x_wconf 89' lang='lat' dir='ltr'>velint,</span> <span class='ocrx_word' id='word_1_186' title='bbox 1129 2703 1224 2768; x_wconf 92' lang='lat' dir='ltr'>posse</span> 
     </span>
     <span class='ocr_line' id='line_1_25' title="bbox 165 2789 1222 2874; baseline -0.001 -19"><span class='ocrx_word' id='word_1_187' title='bbox 165 2790 205 2855; x_wconf 93' lang='lat' dir='ltr'>iis</span> <span class='ocrx_word' id='word_1_188' title='bbox 227 2791 322 2855; x_wconf 88' lang='lat' dir='ltr'>utiles</span> <span class='ocrx_word' id='word_1_189' title='bbox 340 2810 409 2856; x_wconf 90' lang='lat' dir='ltr'>esse</span> <span class='ocrx_word' id='word_1_190' title='bbox 424 2791 555 2870; x_wconf 76' lang='lat' dir='ltr'>amicos,</span> <span class='ocrx_word' id='word_1_191' title='bbox 578 2790 631 2855; x_wconf 86' lang='lat' dir='ltr'>vel</span> <span class='ocrx_word' id='word_1_192' title='bbox 645 2790 706 2853; x_wconf 90' lang='lat' dir='ltr'>sibi</span> <span class='ocrx_word' id='word_1_193' title='bbox 729 2809 821 2874; x_wconf 84' lang='lat' dir='ltr'>agros</span> <span class='ocrx_word' id='word_1_194' title='bbox 836 2789 1011 2855; x_wconf 84' lang='lat' dir='ltr'>attribuant</span> <span class='ocrx_word' id='word_1_195' title='bbox 1025 2789 1078 2855; x_wconf 83' lang='lat' dir='ltr'>vel</span> <span class='ocrx_word' id='word_1_196' title='bbox 1098 2791 1222 2873; x_wconf 85' lang='lat' dir='ltr'>patian-</span> 
     </span>
     <span class='ocr_line' id='line_1_26' title="bbox 138 2894 1222 2981; baseline -0.004 -17"><span class='ocrx_word' id='word_1_197' title='bbox 138 2901 218 2964; x_wconf 71' lang='lat' dir='ltr'>etur</span> <span class='ocrx_word' id='word_1_198' title='bbox 240 2915 294 2962; x_wconf 93' lang='lat' dir='ltr'>eos</span> <span class='ocrx_word' id='word_1_199' title='bbox 316 2901 437 2980; x_wconf 86' lang='lat' dir='ltr'>tenere,</span> <span class='ocrx_word' id='word_1_200' title='bbox 461 2915 541 2981; x_wconf 90' lang='lat' dir='ltr'>quos</span> <span class='ocrx_word' id='word_1_201' title='bbox 563 2896 659 2960; x_wconf 87' lang='lat' dir='ltr'>armis</span> <span class='ocrx_word' id='word_1_202' title='bbox 680 2895 891 2979; x_wconf 81' lang='lat' dir='ltr'>possederint3</span> <span class='ocrx_word' id='word_1_203' title='bbox 919 2913 989 2960; x_wconf 91' lang='lat' dir='ltr'>sese</span> <span class='ocrx_word' id='word_1_204' title='bbox 1011 2896 1085 2960; x_wconf 92' lang='lat' dir='ltr'>unis</span> <span class='ocrx_word' id='word_1_205' title='bbox 1108 2894 1222 2960; x_wconf 85' lang='lat' dir='ltr'>Suebis</span> 
     </span>
     <span class='ocr_line' id='line_1_27' title="bbox 166 3001 1224 3088; baseline -0.002 -20"><span class='ocrx_word' id='word_1_206' title='bbox 166 3002 353 3088; x_wconf 89' lang='lat' dir='ltr'>oonoedere,</span> <span class='ocrx_word' id='word_1_207' title='bbox 381 3003 496 3086; x_wconf 89' lang='lat' dir='ltr'>quibus</span> <span class='ocrx_word' id='word_1_208' title='bbox 517 3021 559 3067; x_wconf 94' lang='lat' dir='ltr'>ne</span> <span class='ocrx_word' id='word_1_209' title='bbox 587 3001 632 3065; x_wconf 91' lang='lat' dir='ltr'>dii</span> <span class='ocrx_word' id='word_1_210' title='bbox 660 3001 788 3085; x_wconf 88' lang='lat' dir='ltr'>quidem</span> <span class='ocrx_word' id='word_1_211' title='bbox 813 3001 1007 3066; x_wconf 82' lang='lat' dir='ltr'>immortales</span> <span class='ocrx_word' id='word_1_212' title='bbox 1034 3019 1125 3084; x_wconf 85' lang='lat' dir='ltr'>pares</span> <span class='ocrx_word' id='word_1_213' title='bbox 1152 3019 1224 3066; x_wconf 89' lang='lat' dir='ltr'>esse</span> 
     </span>
     <span class='ocr_line' id='line_1_28' title="bbox 164 3107 1222 3195; baseline -0.003 -20"><span class='ocrx_word' id='word_1_214' title='bbox 164 3109 301 3195; x_wconf 85' lang='lat' dir='ltr'>possint3</span> <span class='ocrx_word' id='word_1_215' title='bbox 324 3109 482 3194; x_wconf 90' lang='lat' dir='ltr'>reliquum</span> <span class='ocrx_word' id='word_1_216' title='bbox 506 3108 636 3192; x_wconf 89' lang='lat' dir='ltr'>quidem</span> <span class='ocrx_word' id='word_1_217' title='bbox 657 3107 691 3170; x_wconf 93' lang='lat' dir='ltr'>in</span> <span class='ocrx_word' id='word_1_218' title='bbox 718 3108 810 3171; x_wconf 84' lang='lat' dir='ltr'>terris</span> <span class='ocrx_word' id='word_1_219' title='bbox 832 3125 901 3172; x_wconf 88' lang='lat' dir='ltr'>esse</span> <span class='ocrx_word' id='word_1_220' title='bbox 923 3108 1097 3191; x_wconf 89' lang='lat' dir='ltr'>neminem,</span> <span class='ocrx_word' id='word_1_221' title='bbox 1126 3127 1222 3191; x_wconf 92' lang='lat' dir='ltr'>quem</span> 
     </span>
     <span class='ocr_line' id='line_1_29' title="bbox 130 3212 1225 3300; baseline 0 -22"><span class='ocrx_word' id='word_1_222' title='bbox 130 3221 232 3280; x_wconf 85' lang='lat' dir='ltr'>8n0n</span> <span class='ocrx_word' id='word_1_223' title='bbox 254 3233 404 3300; x_wconf 87' lang='lat' dir='ltr'>superare</span> <span class='ocrx_word' id='word_1_224' title='bbox 425 3215 555 3298; x_wconf 83' lang='lat' dir='ltr'>possint</span> <span class='ocrx_word' id='word_1_225' title='bbox 599 3214 653 3278; x_wconf 84' lang='lat' dir='ltr'>Ad</span> <span class='ocrx_word' id='word_1_226' title='bbox 676 3214 754 3278; x_wconf 83' lang='lat' dir='ltr'>haee</span> <span class='ocrx_word' id='word_1_227' title='bbox 781 3212 909 3298; x_wconf 85' lang='lat' dir='ltr'>Caesar,</span> <span class='ocrx_word' id='word_1_228' title='bbox 933 3231 1015 3296; x_wconf 86' lang='lat' dir='ltr'>quae</span> <span class='ocrx_word' id='word_1_229' title='bbox 1037 3213 1143 3278; x_wconf 83' lang='lat' dir='ltr'>visum</span> <span class='ocrx_word' id='word_1_230' title='bbox 1165 3217 1225 3297; x_wconf 87' lang='lat' dir='ltr'>est,</span> 
     </span>
     <span class='ocr_line' id='line_1_30' title="bbox 165 3319 1225 3406; baseline -0.003 -20"><span class='ocrx_word' id='word_1_231' title='bbox 165 3322 342 3406; x_wconf 83' lang='lat' dir='ltr'>respondit3</span> <span class='ocrx_word' id='word_1_232' title='bbox 365 3321 423 3386; x_wconf 90' lang='lat' dir='ltr'>sed</span> <span class='ocrx_word' id='word_1_233' title='bbox 445 3321 550 3386; x_wconf 85' lang='lat' dir='ltr'>exitus</span> <span class='ocrx_word' id='word_1_234' title='bbox 571 3321 632 3385; x_wconf 78' lang='lat' dir='ltr'>fuit</span> <span class='ocrx_word' id='word_1_235' title='bbox 654 3320 819 3384; x_wconf 91' lang='lat' dir='ltr'>orationis:</span> <span class='ocrx_word' id='word_1_236' title='bbox 843 3319 904 3384; x_wconf 93' lang='lat' dir='ltr'>sibi</span> <span class='ocrx_word' id='word_1_237' title='bbox 930 3319 1054 3384; x_wconf 88' lang='lat' dir='ltr'>nullam</span> <span class='ocrx_word' id='word_1_238' title='bbox 1081 3338 1155 3382; x_wconf 88' lang='lat' dir='ltr'>oum</span> <span class='ocrx_word' id='word_1_239' title='bbox 1181 3319 1225 3383; x_wconf 91' lang='lat' dir='ltr'>iis</span> 
     </span>
     <span class='ocr_line' id='line_1_31' title="bbox 140 3424 1224 3510; baseline -0.005 -17"><span class='ocrx_word' id='word_1_240' title='bbox 140 3428 337 3493; x_wconf 81' lang='lat' dir='ltr'>ramioitiam</span> <span class='ocrx_word' id='word_1_241' title='bbox 368 3446 437 3492; x_wconf 89' lang='lat' dir='ltr'>esse</span> <span class='ocrx_word' id='word_1_242' title='bbox 467 3445 572 3510; x_wconf 87' lang='lat' dir='ltr'>posse,</span> <span class='ocrx_word' id='word_1_243' title='bbox 608 3427 635 3490; x_wconf 92' lang='lat' dir='ltr'>si</span> <span class='ocrx_word' id='word_1_244' title='bbox 666 3427 702 3489; x_wconf 90' lang='lat' dir='ltr'>in</span> <span class='ocrx_word' id='word_1_245' title='bbox 734 3424 836 3489; x_wconf 83' lang='lat' dir='ltr'>Gallia</span> <span class='ocrx_word' id='word_1_246' title='bbox 865 3429 1079 3505; x_wconf 86' lang='lat' dir='ltr'>remanerent3</span> <span class='ocrx_word' id='word_1_247' title='bbox 1115 3442 1224 3507; x_wconf 87' lang='lat' dir='ltr'>neque</span> 
     </span>
     <span class='ocr_line' id='line_1_32' title="bbox 166 3529 1224 3616; baseline -0.004 -20"><span class='ocrx_word' id='word_1_248' title='bbox 166 3552 279 3599; x_wconf 85' lang='lat' dir='ltr'>verum</span> <span class='ocrx_word' id='word_1_249' title='bbox 300 3552 384 3616; x_wconf 86' lang='lat' dir='ltr'>esse,</span> <span class='ocrx_word' id='word_1_250' title='bbox 411 3533 467 3616; x_wconf 91' lang='lat' dir='ltr'>qui</span> <span class='ocrx_word' id='word_1_251' title='bbox 493 3551 567 3598; x_wconf 90' lang='lat' dir='ltr'>suos</span> <span class='ocrx_word' id='word_1_252' title='bbox 593 3531 674 3596; x_wconf 90' lang='lat' dir='ltr'>fines</span> <span class='ocrx_word' id='word_1_253' title='bbox 701 3531 783 3596; x_wconf 90' lang='lat' dir='ltr'>tueri</span> <span class='ocrx_word' id='word_1_254' title='bbox 809 3550 876 3596; x_wconf 92' lang='lat' dir='ltr'>non</span> <span class='ocrx_word' id='word_1_255' title='bbox 901 3531 1073 3616; x_wconf 90' lang='lat' dir='ltr'>potuerint,</span> <span class='ocrx_word' id='word_1_256' title='bbox 1101 3529 1224 3593; x_wconf 86' lang='lat' dir='ltr'>alienos</span> 
     </span>
     <span class='ocr_line' id='line_1_33' title="bbox 168 3633 1221 3722; baseline -0.007 -19"><span class='ocrx_word' id='word_1_257' title='bbox 168 3658 335 3722; x_wconf 79' lang='lat' dir='ltr'>oooupam3</span> <span class='ocrx_word' id='word_1_258' title='bbox 362 3657 468 3721; x_wconf 91' lang='lat' dir='ltr'>neque</span> <span class='ocrx_word' id='word_1_259' title='bbox 490 3638 573 3702; x_wconf 90' lang='lat' dir='ltr'>ullos</span> <span class='ocrx_word' id='word_1_260' title='bbox 600 3638 635 3701; x_wconf 94' lang='lat' dir='ltr'>in</span> <span class='ocrx_word' id='word_1_261' title='bbox 664 3637 765 3702; x_wconf 84' lang='lat' dir='ltr'>Gallia</span> <span class='ocrx_word' id='word_1_262' title='bbox 791 3656 902 3701; x_wconf 78' lang='lat' dir='ltr'>vacare</span> <span class='ocrx_word' id='word_1_263' title='bbox 934 3654 1037 3721; x_wconf 81' lang='lat' dir='ltr'>egros,</span> <span class='ocrx_word' id='word_1_264' title='bbox 1070 3634 1125 3717; x_wconf 93' lang='lat' dir='ltr'>qui</span> <span class='ocrx_word' id='word_1_265' title='bbox 1152 3633 1221 3696; x_wconf 86' lang='lat' dir='ltr'>dari</span> 
     </span>
     <span class='ocr_line' id='line_1_34' title="bbox 141 3737 1225 3829; baseline -0.006 -19"><span class='ocrx_word' id='word_1_266' title='bbox 141 3748 271 3810; x_wconf 83' lang='lat' dir='ltr'>stentae</span> <span class='ocrx_word' id='word_1_267' title='bbox 285 3745 470 3829; x_wconf 87' lang='lat' dir='ltr'>praesertim</span> <span class='ocrx_word' id='word_1_268' title='bbox 483 3744 681 3807; x_wconf 86' lang='lat' dir='ltr'>multitudini</span> <span class='ocrx_word' id='word_1_269' title='bbox 692 3744 760 3807; x_wconf 88' lang='lat' dir='ltr'>sine</span> <span class='ocrx_word' id='word_1_270' title='bbox 770 3743 887 3807; x_wconf 91' lang='lat' dir='ltr'>iniuria</span> <span class='ocrx_word' id='word_1_271' title='bbox 897 3742 1032 3826; x_wconf 84' lang='lat' dir='ltr'>possint3</span> <span class='ocrx_word' id='word_1_272' title='bbox 1048 3738 1105 3803; x_wconf 91' lang='lat' dir='ltr'>sed</span> <span class='ocrx_word' id='word_1_273' title='bbox 1115 3737 1225 3822; x_wconf 81' lang='lat' dir='ltr'>licere,</span> 
     </span>
     <span class='ocr_line' id='line_1_35' title="bbox 169 3843 1225 3933; baseline -0.006 -18"><span class='ocrx_word' id='word_1_274' title='bbox 169 3851 197 3915; x_wconf 92' lang='lat' dir='ltr'>si</span> <span class='ocrx_word' id='word_1_275' title='bbox 211 3849 323 3933; x_wconf 83' lang='lat' dir='ltr'>velint,</span> <span class='ocrx_word' id='word_1_276' title='bbox 344 3851 380 3914; x_wconf 94' lang='lat' dir='ltr'>in</span> <span class='ocrx_word' id='word_1_277' title='bbox 394 3849 551 3915; x_wconf 91' lang='lat' dir='ltr'>Ubiorum</span> <span class='ocrx_word' id='word_1_278' title='bbox 565 3848 682 3913; x_wconf 86' lang='lat' dir='ltr'>linibus</span> <span class='ocrx_word' id='word_1_279' title='bbox 697 3849 873 3933; x_wconf 83' lang='lat' dir='ltr'>considere,</span> <span class='ocrx_word' id='word_1_280' title='bbox 897 3865 1032 3932; x_wconf 90' lang='lat' dir='ltr'>quorum</span> <span class='ocrx_word' id='word_1_281' title='bbox 1047 3845 1112 3908; x_wconf 90' lang='lat' dir='ltr'>sint</span> <span class='ocrx_word' id='word_1_282' title='bbox 1124 3843 1225 3928; x_wconf 85' lang='lat' dir='ltr'>legati</span> 
     </span>
    </p>
   </div>
   <div class='ocr_carea' id='block_1_4' title="bbox 0 0 1374 4424">
    <p class='ocr_par' dir='ltr' id='par_1_4' title="bbox 0 0 1374 4424">
     <span class='ocr_line' id='line_1_36' title="bbox 0 0 1374 4424; baseline 0 0"><span class='ocrx_word' id='word_1_283' title='bbox 0 0 1374 4424; x_wconf 95' lang='lat' dir='ltr'> </span> 
     </span>
    </p>
   </div>
  </div>
 </body>
</html>
