2738 4424
176 219 240 283 108
572 230 678 287 aum
695 229 837 287 emnam

176 395 391 461 satisfaciendi
413 413 510 460 causa
532 393 658 478 legatis,
681 410 756 457 cum
777 392 805 457 is
825 410 953 457 omnem
976 392 1016 456 ad
1038 411 1073 458 se
1091 396 1240 458 senatum

151 502 287 572 saeuire
318 501 474 584 iussisset,
506 499 590 564 dicto
624 497 790 563 audientes
821 517 888 563 non
918 498 1055 564 luerunt.
1100 518 1138 564 ac
1168 503 1240 565 tan·

178 612 247 671 tum
269 606 354 693 apud
376 606 521 670 homines
545 604 698 692 barbaros
724 604 837 690 valuit,
861 622 930 671 esse
951 605 1075 689 aliquos
1096 609 1242 689 repertos

178 713 338 798 principes
364 711 441 777 belli
463 711 634 794 inferendi,
655 715 840 795 tantamque
863 710 1012 776 omnibus
1037 710 1240 776 voluntatum

180 819 458 883 commutationem
490 817 607 902 attulit,
644 820 681 881 ut
710 821 838 901 praeter
868 815 1019 882 Haeduos
1051 822 1083 882 et
1113 815 1242 902 Remos,

182 943 261 1008 quos
282 925 452 1010 praecipuo
475 942 599 1010 semper
620 922 741 988 honore
760 920 876 988 Caesar
896 921 1021 1006 habuit,
1043 923 1159 988 alteros
1181 941 1242 1008 pro

181 1034 286 1095 vetere
309 1049 346 1094 ac
367 1034 520 1114 perpetua
542 1048 617 1114 erga
639 1028 794 1113 populum
816 1027 996 1093 Romanum
1022 1026 1096 1112 fide,
1124 1027 1243 1094 alteros

126 1129 128 1132 ⁴
176 1126 237 1221 ¹pro
259 1134 441 1201 recentibus
464 1135 579 1200 Gallici
594 1135 672 1199 belli
686 1132 812 1217 officiis,
834 1133 924 1199 nulla
936 1135 1002 1200 fere
1018 1133 1129 1198 civitae
1142 1134 1242 1199 fuerit

153 1262 246 1312 anon
268 1245 415 1326 suspecta
436 1239 538 1306 nobis.
582 1240 681 1323 idque
705 1240 782 1305 adeo
810 1239 896 1304 haud
922 1240 988 1306 soio
1014 1239 1242 1305 mirandumne

39 1339 40 1342 '
181 1350 233 1430 sit,
256 1367 330 1412 cum
348 1345 566 1430 compluribus
584 1345 655 1410 aliis
678 1345 718 1411 de
741 1345 861 1426 causis,
883 1350 953 1410 tum
967 1347 1120 1430 maxime,
1144 1345 1243 1431 quod,

182 1455 238 1537 qui
259 1454 377 1517 virtute
399 1451 476 1516 belli
498 1451 647 1515 omnibus
661 1449 810 1536 gentibus
826 1450 1093 1535 praeferebantur,
1114 1454 1242 1516 tantum

180 1577 215 1624 se
238 1559 309 1624 eius
332 1558 492 1643 opinionis
515 1557 741 1641 deperdidisse,
764 1561 802 1621 ut
822 1555 933 1643 populi
950 1556 1086 1622 Romani
1106 1557 1242 1641 imperia

180 1663 368 1749 perferrent,
390 1663 577 1748 gravissime
598 1662 754 1728 dolebant

127 1790 163 1847 55
268 1769 397 1836 hereri
419 1787 495 1835 vero
514 1772 608 1852 atque
623 1767 860 1834 Indutiomarus
874 1769 973 1834 totius
987 1769 1100 1834 hiemis
1114 1768 1242 1834 nullum

181 1884 307 1962 tempus
329 1875 583 1957 intermiserunt,
611 1875 690 1957 quin
712 1878 800 1940 trans
822 1875 971 1940 Rhenum
992 1874 1112 1959 legatos
1138 1875 1245 1940 mitte-

180 1987 264 2069 rent,
288 1983 434 2048 civitates
457 1981 676 2064 sollicitarent,
698 1983 851 2066 pecunias
865 1981 1104 2068 pollicerentur,
1126 2000 1246 2065 magna

180 2095 270 2175 parte
294 2090 454 2155 exercitus
475 2088 576 2152 nostri
597 2087 762 2153 inte1tecta
783 2088 883 2151 multo
898 2087 1056 2151 minorem
1077 2105 1245 2171 superesse

155 2198 324 2267 adicerent
337 2199 467 2282 partem.
512 2211 617 2276 neque
646 2198 753 2259 tamur
779 2192 838 2256 ulli
865 2193 986 2258 civitati
1012 2193 1245 2258 Germanorum

182 2302 369 2388 persuaderi
390 2301 508 2386 potuit,
531 2303 568 2363 ut
588 2297 738 2365 Rhenum
761 2299 921 2383 consuet,
948 2318 1024 2364 cum
1050 2317 1084 2363 se
1111 2298 1161 2363 bis
1187 2317 1246 2363 ex·

181 2413 288 2492 portos
317 2407 472 2489 dicerent,
498 2405 652 2470 Ariovisti
678 2404 761 2470 bello
788 2410 820 2470 et
844 2406 1068 2471 Tencterorum
1093 2405 1246 2470 transitu:

155 2533 248 2583 onon
271 2532 341 2578 esse
364 2512 500 2597 amplius
529 2511 690 2576 fortrnram
717 2515 932 2595 temptaturos.
977 2512 1038 2575 hac
1060 2530 1116 2595 spe
1138 2510 1249 2594 lapsus

182 2618 421 2683 Indutiomarus
444 2618 546 2681 nihilo
562 2618 669 2682 minus
688 2617 794 2700 copias
809 2636 934 2701 cogere,
957 2628 1120 2698 exercere,
1140 2615 1248 2680 afini-

184 2724 270 2788 timis
293 2742 393 2808 equos
415 2742 539 2807 parare,
567 2721 679 2787 exules
707 2723 935 2805 damnatosque
961 2727 1026 2788 tota
1049 2723 1152 2788 Gallia
1177 2742 1247 2786 ma·

157 2830 256 2913 agnis
277 2829 425 2912 praemiis
447 2827 488 2891 ad
510 2846 545 2893 se
569 2828 706 2893 adlicere
729 2829 840 2912 coepit
886 2847 923 2893 ac
949 2833 1069 2893 tantam
1096 2828 1158 2894 sibi
1180 2829 1245 2892 iam

185 2935 235 3000 his
256 2934 353 2999 rebus
375 2934 411 2997 iu
427 2933 530 2998 Gallia
549 2935 765 3000 auctoritatem
781 2940 1028 3019 comparaverat,
1050 2939 1087 2999 ut
1101 2934 1248 3016 undique

186 3043 226 3107 ad
249 3061 323 3107 oum
345 3040 521 3125 legationes
544 3045 782 3123 concurrerent,
805 3042 938 3124 gratiam
956 3047 1050 3124 atque
1073 3041 1246 3104 amicitiam

133 3169 169 3224 so
187 3147 314 3233 publice
335 3147 549 3231 privatimque
571 3150 720 3230 peterent
765 3147 832 3212 Ubi
853 3147 1012 3212 intellexit
1038 3146 1120 3211 ultro
1148 3145 1188 3210 ad
1211 3165 1249 3211 se

187 3254 303 3337 veniri,
331 3253 429 3319 altera
456 3272 498 3319 ex
524 3257 612 3336 parte
639 3251 779 3318 Senones
807 3253 1025 3336 Oamutesque
1051 3253 1248 3318 conscientia

187 3361 335 3425 facinoris
369 3358 526 3441 instigari,
558 3358 658 3424 altera
690 3358 827 3424 Nervios
853 3360 1094 3443 Atuatucosque
1125 3359 1247 3424 bellum

188 3465 338 3530 Romanis
363 3482 475 3547 parare
498 3481 601 3546 neque
628 3463 690 3529 sibi
717 3464 969 3529 voluntariorum
996 3467 1103 3550 copias
1131 3465 1248 3547 defore,

189 3572 216 3634 si
238 3588 281 3634 ex
302 3567 421 3634 finibus
443 3570 511 3635 suis
533 3570 681 3654 progredi
704 3571 870 3654 coepisset,
897 3577 1053 3636 armatum
1075 3570 1247 3637 concilium

162 3675 308 3745 oindioit
352 3674 414 3739 hoc
435 3693 524 3739 more
547 3673 709 3740 Gallorum
737 3681 785 3741 est
810 3677 938 3740 initium
966 3676 1056 3759 belli3
1085 3696 1148 3759 quo
1175 3677 1249 3759 lege

189 3780 353 3847 communi
375 3799 485 3860 omnes
506 3779 642 3864 puberes
665 3783 777 3846 armati
799 3784 968 3847 convenire
992 3788 1161 3867 coguntur3
1191 3783 1250 3864 qui

191 3904 233 3951 ex
254 3887 295 3952 iis
316 3886 508 3951 novissimus
530 3888 631 3970 venit,
653 3887 689 3951 in
711 3892 883 3973 conspectu
904 3889 1119 3954 multitudinis
1146 3889 1252 3953 omni-
