2738 4424
473 249 581 305 rrnnn
597 250 632 305 11.
651 249 726 306 orn.
746 250 841 306 r-rr.
1143 232 1184 303 el

128 414 231 476 costra
260 411 399 477 reduxit
444 412 550 477 hostes
580 413 726 496 protinus
757 431 799 477 ex
830 430 868 477 eo
900 411 968 476 loco
1000 410 1039 477 ad
1067 410 1212 483 flumout

127 517 278 581 honam
300 518 545 600 contenderunt,
573 518 659 601 quod
686 537 755 583 esee
782 523 853 601 post
879 523 986 583 nostra
1008 524 1110 583 cestra
1132 518 1185 585 do·

127 628 339 687 monstratum
367 628 422 688 est
472 623 518 687 ibi
545 624 635 689 vadis
665 624 798 708 repertis
825 628 945 707 partonr
973 643 1103 689 suorum
1134 642 1213 695 c0·s

127 728 254 812 piarum
276 729 441 794 traducere
464 731 570 793 conati
592 734 667 794 eunt
689 748 726 795 eo
750 729 894 812 coneilio,
923 733 970 811 ut,
998 730 1025 793 si
1050 732 1185 813 possent,

127 834 307 917 castellum,
335 836 387 899 cui
414 840 557 918 praeerat
584 833 619 912 Q„
641 836 781 899 Titurius
805 834 938 917 legatus,
965 839 1186 919 expugnarent

127 946 322 1023 pontemque
355 941 632 1024 interscinderent,
670 942 697 1006 si
733 942 839 1006 minus
870 942 1056 1025 potuissent,
1094 958 1211 1025 egroer

127 1044 303 1111 Remorum
333 1047 573 1131 popularentur,
606 1048 662 1131 qui
694 1066 807 1131 magno
837 1047 927 1111 nobie
955 1048 1027 1112 usui
1054 1046 1093 1111 ad
1121 1044 1186 1112 bel-

127 1150 196 1217 lurn
224 1153 400 1237 gerendum
427 1157 530 1234 erant,
557 1158 797 1235 commeatuque
824 1158 949 1217 nostros
976 1152 1184 1237 prohiberent

129 1254 245 1324 (laesor
262 1260 377 1323 certior
399 1258 501 1323 factus
524 1259 562 1321 ab
578 1258 697 1324 Titurio
722 1279 847 1325 omnem
870 1260 1045 1344 equitatum
1062 1264 1093 1325 ct
1107 1259 1186 1325 lovis
1207 1278 1240 1337 ιο

129 1368 308 1430 amaturae
333 1363 504 1446 Numidas,
530 1364 706 1429 funditores
733 1367 973 1450 sagittariosque
1004 1370 1098 1450 ponte
1125 1370 1185 1431 tra·

129 1468 219 1535 ducit
240 1475 336 1554 atque
359 1470 399 1534 ad
422 1488 475 1535 cos
499 1471 667 1536 contendit.
714 1473 827 1536 acriter
854 1473 886 1536 in
910 1491 947 1538 eo
975 1471 1043 1537 loco
1067 1491 1213 1557 pugno-s

128 1580 198 1640 tum
230 1582 285 1640 est
335 1576 441 1640 hostes
477 1576 646 1660 impeditos
682 1579 782 1642 nostri
817 1580 851 1643 in
882 1578 1013 1645 flumine
1047 1579 1184 1663 adgressi

128 1700 282 1767 magnum
304 1701 416 1748 eorum
437 1701 606 1747 numerum
630 1684 825 1766 occiderunt3
850 1704 906 1768 per
927 1703 1036 1749 corum
1057 1704 1213 1769 corporae

129 1788 271 1872 reliquos
293 1789 502 1853 audacissime
518 1790 651 1854 transire
667 1796 816 1853 conantes
831 1789 1036 1855 multitudino
1051 1790 1185 1856 telorum

132 1893 337 1978 reppulerunt
350 1897 542 1979 primosque,
555 1897 611 1978 qui
627 1897 823 1975 transierunt,
835 1898 978 1980 equitatu
990 1897 1186 1961 circumven-

131 2004 181 2066 tos
194 2001 428 2065 interfecerunt
463 2001 576 2084 hostes,
589 2002 645 2065 ubi
660 2001 742 2067 etde
754 2002 965 2085 expugnando
979 2002 1092 2084 oppido
1105 2001 1185 2067 etde
1199 2028 1212 2071 s

130 2104 263 2171 flumine
285 2108 478 2172 transeundo
498 2126 586 2191 spem
609 2126 643 2173 se
665 2107 813 2173 fefellisse
836 2107 1060 2173 intellexerunt
1082 2125 1185 2191 nequo

130 2217 256 2277 nostros
287 2214 323 2276 in
353 2213 458 2277 locum
491 2215 681 2297 iniquiorem
717 2213 864 2297 progredi
898 2213 1060 2297 pugnandi
1091 2232 1186 2277 causa

130 2318 281 2384 riderimt
318 2324 411 2402 atque
449 2320 535 2403 ipsos
572 2340 623 2385 res
662 2320 866 2385 frumentario
904 2318 1037 2385 deficere
1075 2320 1185 2403 coepit,

131 2424 266 2489 concilio
298 2431 469 2490 convocato
502 2428 734 2491 constituerunt
771 2428 924 2510 optimum
956 2444 1023 2491 esse
1055 2426 1185 2491 domum

132 2549 222 2596 suam
246 2550 404 2615 quemque
426 2533 555 2614 reverti,
584 2539 616 2597 et
643 2552 778 2617 quorum
805 2534 840 2597 in
862 2532 942 2598 fines
963 2533 1102 2617 primum
1124 2532 1187 2598 Ro·

131 2637 218 2700 mani
240 2639 417 2702 exercitum
439 2638 702 2723 introduxissent,
726 2640 765 2704 ad
789 2658 843 2705 eos
859 2639 1072 2705 defendendos
1094 2638 1187 2703 undi-

133 2762 195 2826 que
218 2744 437 2828 convenirent,
460 2748 497 2807 ut
511 2745 616 2828 potius
639 2747 674 2809 in
689 2746 756 2811 suis
772 2765 867 2830 quam
889 2747 923 2810 in
944 2747 1054 2811 alienis
1069 2746 1186 2811 finibus

134 2847 329 2915 decertarent
343 2855 374 2916 et
389 2850 570 2915 domesticis
585 2853 684 2934 copiis
699 2853 746 2918 rei
768 2853 991 2917 frumentariae
1014 2858 1185 2919 uterentur.

133 2954 172 3019 ad
194 2974 264 3021 eam
287 2957 474 3021 sententiam
498 2976 571 3020 cum
594 2958 726 3042 reliquis
741 2960 845 3023 causis
865 2959 942 3023 hacc
966 2978 1092 3041 quoque
1108 2958 1213 3023 ratior

133 3078 187 3126 eos
202 3061 347 3143 deduxit,
371 3063 457 3145 quod
472 3060 671 3129 Diviciacum
694 3070 789 3147 atque
809 3063 960 3129 Haeduos
982 3062 1099 3127 finibus
1114 3063 1186 3129 Bel-

132 3166 315 3232 loracorum
338 3167 590 3252 adpropinquare
613 3177 833 3253 cognoverant.
861 3170 912 3235 his
934 3170 1129 3254 persuaderi,
1153 3174 1188 3234 ut

134 3271 253 3338 diutius
263 3280 463 3339 morarentur
474 3294 577 3358 neque
590 3278 656 3341 suis
673 3277 828 3340 auxilium
843 3275 967 3359 ferrent,
981 3294 1046 3339 non
1058 3279 1186 3359 poterat

133 3375 180 3442 Ea
201 3399 236 3445 re
259 3381 429 3444 constituta
451 3381 589 3445 secunda
610 3382 720 3466 vigilia
742 3402 856 3465 magno
889 3401 962 3447 curn
993 3382 1124 3465 strepitu
1152 3398 1239 3452 ae11

134 3485 273 3550 tumultu
296 3487 406 3551 castris
429 3489 548 3570 egressi
569 3488 657 3551 nullo
681 3493 766 3552 certo
788 3488 897 3553 ordine
920 3507 1026 3570 neque
1049 3488 1189 3571 imperio,

134 3609 208 3656 cum
230 3592 291 3657 sibi
306 3593 440 3674 quisque
455 3595 593 3677 primum
616 3594 738 3659 itineris
758 3595 864 3659 locum
879 3599 999 3678 peteret
1013 3601 1044 3658 et
1059 3594 1187 3658 domurn

133 3700 297 3782 pervenire
324 3704 519 3782 properaret,
551 3700 705 3783 fecerunt,
737 3706 772 3765 ut
799 3701 971 3766 consimilis
998 3700 1091 3784 fugae
1118 3721 1189 3786 pro·

133 3803 225 3869 fectio
251 3805 420 3870 rideretur.
468 3807 527 3871 hac
554 3826 588 3872 re
616 3808 721 3872 statim
749 3806 862 3872 Caesar
892 3825 948 3892 per
979 3808 1216 3892 speculatoresa

134 3911 261 3996 cognita
281 3911 413 3976 insidias
435 3915 569 3996 veritus,
593 3914 692 3998 quod,
716 3933 780 3997 qua
803 3914 842 3979 de
866 3933 962 3979 causa
984 3914 1190 4001 discederent
