2738 4424
232 191 273 255 94
628 209 732 265 surr
751 209 892 266 errrrcr

202 369 271 435 aad
302 373 405 433 castra
438 372 651 455 oppugnanda
685 376 851 437 venerunt
901 390 975 436 eum
1009 369 1154 437 celeriter
1189 367 1293 435 nostri

229 493 318 539 anna
339 476 497 560 cepissent
518 476 700 559 vallumque
716 477 933 543 ascendissent
954 481 1049 560 atque
1065 495 1129 541 una
1143 494 1186 541 ex
1199 478 1293 559 parto

228 578 381 666 Hispanis
417 581 579 666 equitibus
615 584 739 648 emissis
775 584 917 666 equestri
951 583 1071 668 proelio
1108 581 1290 665 superiores

226 687 373 771 fuissent,
397 689 560 773 desperata
586 707 621 753 re
643 689 749 754 hostes
771 708 846 754 suos
868 689 907 754 ab
931 688 1165 773 oppugnatione
1192 686 1288 751 redu-

200 799 355 860 sxerunt
399 797 468 858 tum
501 812 560 858 suo
591 813 680 860 more
711 795 1003 876 conclamaverunt,
1034 794 1083 858 uti
1109 791 1210 875 aliqui
1243 811 1287 859 ex

226 901 343 964 nostris
365 900 406 963 ad
429 899 633 982 conloquium
656 901 809 984 prodiret:
832 900 950 966 habere
972 918 1056 983 sese,
1083 917 1164 982 quae
1187 898 1226 963 de
1249 916 1287 964 re

226 1007 387 1070 communi
410 1006 514 1071 dicere
536 1006 665 1089 vellent,
689 1004 804 1088 quibus
826 1006 921 1070 rebus
936 1005 1166 1070 controversias
1180 1004 1287 1069 minui

168 1124 207 1182 al
224 1131 317 1195 posse
348 1117 518 1195 sperarent
567 1110 704 1176 Mittitur
735 1112 776 1176 ad
803 1129 857 1176 eos
883 1111 1097 1194 conloquendi
1127 1129 1223 1176 causa
1250 1107 1284 1175 0.

224 1218 410 1302 Arpineius,
441 1236 539 1301 eques
565 1217 741 1300 Romanus,
772 1218 939 1282 familiaris
966 1215 1002 1294 Q„
1028 1216 1154 1299 Titurii,
1187 1220 1221 1280 et
1246 1213 1285 1292 Q„

224 1322 337 1387 Iunius
360 1342 402 1388 ex
423 1322 580 1408 Hispania
603 1324 745 1406 quidam,
768 1324 825 1406 qui
846 1324 911 1387 iam
934 1327 1006 1388 ante
1023 1323 1123 1386 missu
1139 1320 1285 1388 Caesaris

223 1429 264 1493 ad
285 1428 505 1512 Ambiorigem
526 1430 682 1494 ventitare
704 1434 879 1495 consuerat
917 1428 1001 1514 apud
1017 1447 1097 1512 quos
1111 1427 1285 1493 Ambiorix

195 1535 264 1600 aad
286 1536 373 1599 hunc
394 1535 526 1599 modum
547 1535 674 1599 locutus
688 1539 749 1600 est:
772 1553 843 1600 sese
857 1553 914 1620 pro
930 1534 1073 1600 (laeseris
1088 1535 1122 1598 in
1137 1553 1171 1601 sc
1185 1534 1283 1600 bene·

221 1639 302 1705 ficiis
324 1641 497 1725 plurimum
519 1641 550 1706 ei
572 1639 716 1707 confiteri
739 1640 867 1724 debere,
895 1641 982 1724 quod
1009 1642 1078 1705 eius
1106 1659 1200 1725 opera
1226 1641 1283 1706 sti·

220 1747 338 1832 pendio
353 1747 504 1813 liberatus
520 1751 615 1829 esset,
638 1746 725 1830 quod
738 1747 920 1830 Atuatucis,
934 1745 1082 1810 finitimis
1099 1746 1179 1829 suis,
1200 1765 1280 1830 pen-

221 1853 295 1918 dere
323 1858 518 1937 consuesset,
547 1853 697 1936 quodque
724 1853 755 1919 ei
781 1857 813 1918 ot
838 1851 925 1917 filius
953 1857 985 1916 et
1010 1852 1117 1916 fratris
1147 1850 1233 1916 filius
1261 1873 1281 1918 a

220 1959 353 2026 Caesare
377 1958 504 2024 remissi
531 1965 648 2041 essent,
680 1977 761 2041 quos
786 1959 940 2023 Atuatuci
967 1957 1115 2022 obsidum
1145 1976 1280 2022 numero

192 2066 332 2130 emissos
355 2065 440 2150 apud
462 2084 496 2131 se
518 2066 553 2129 in
576 2067 728 2131 servitute
755 2069 787 2130 et
809 2065 929 2131 eatenis
955 2064 1144 2144 tenuissent3
1171 2081 1280 2146 neque

218 2172 265 2257 id,
289 2172 375 2255 quod
396 2172 507 2237 lecerit
533 2171 572 2236 de
600 2171 835 2256 oppugnatione
862 2175 1050 2251 castrorum,
1078 2173 1133 2234 aut
1157 2168 1277 2234 iudicio

218 2284 274 2342 aut
305 2277 468 2342 voluntate
500 2296 559 2341 sua
588 2277 714 2357 fecisse,
746 2277 803 2342 scd
834 2280 946 2341 coactu
972 2275 1122 2358 civitatis,
1155 2295 1276 2360 suaque

218 2401 287 2448 esse
310 2385 380 2448 eius
406 2383 494 2447 modi
521 2383 668 2466 imperia,
696 2386 732 2446 ut
758 2400 825 2446 non
850 2382 957 2445 minus
984 2380 1114 2446 haberet
1140 2381 1219 2446 iuris
1240 2382 1276 2446 in

189 2507 251 2554 sse
277 2488 449 2553 multitudo
478 2508 572 2570 quam
599 2488 726 2572 ipsein
747 2486 992 2551 multitudinem.
1038 2487 1160 2551 civitati
1181 2506 1275 2572 porro

216 2592 298 2656 hanc
318 2593 415 2657 fuisse
438 2593 514 2657 belli
537 2613 677 2677 causam,
701 2593 786 2677 quod
807 2592 991 2677 repentinae
1015 2590 1178 2656 Gallorum
1201 2612 1275 2660 con·

215 2699 368 2762 iurationi
389 2699 534 2763 resistere
556 2717 622 2763 non
644 2700 790 2784 potuerit
826 2698 862 2762 id
883 2716 917 2762 se
934 2697 1026 2763 facile
1040 2717 1083 2763 ex
1096 2698 1276 2765 humilitate

214 2823 274 2870 sua
294 2803 429 2889 probare
451 2822 557 2889 posse,
585 2804 671 2889 quod
696 2823 763 2869 non
789 2804 868 2869 adeo
896 2803 938 2868 sit
964 2804 1130 2888 imperitus
1155 2823 1274 2888 rerum,

213 2915 251 2977 ut
272 2910 340 2976 suis
362 2909 462 2993 copiis
484 2908 638 2995 populum
660 2909 840 2973 Romanum
855 2909 997 2993 superari
1012 2927 1104 2994 posse
1126 2907 1273 2975 confidat

186 3017 270 3082 seed
296 3035 366 3083 esse
393 3015 514 3081 Galliae
541 3034 709 3081 commune
737 3015 921 3080 consilium:
954 3015 1102 3079 omnibus
1128 3014 1273 3081 hibernis

214 3123 356 3189 Caesaris
387 3121 609 3208 oppugnandis
639 3121 727 3187 hunc
757 3139 825 3186 esse
857 3121 975 3186 dictum
1009 3121 1107 3202 diem,
1138 3139 1179 3185 ne
1207 3140 1273 3205 qua

185 3229 295 3313 elegio
327 3230 418 3295 altari
448 3229 567 3313 legioni
599 3227 742 3295 subsidio
774 3228 884 3293 venire
917 3231 1030 3310 posset
1079 3245 1147 3292 non
1176 3225 1272 3292 facile

213 3333 321 3400 Gallos
344 3335 443 3400 Gadis
465 3354 581 3420 negare
603 3335 756 3419 potuisse,
778 3333 963 3418 pracsertim
986 3351 1059 3397 cum
1082 3332 1121 3398 do
1139 3351 1270 3416 recupe

184 3441 311 3507 rranda
333 3442 495 3506 communi
516 3442 661 3507 libertate
676 3440 846 3505 consilium
861 3439 976 3503 initum
991 3437 1160 3504 videretur.
1199 3439 1270 3522 qui·

211 3545 272 3611 bus
308 3547 458 3630 quoniam
489 3566 546 3632 pro
577 3547 692 3630 pietate
724 3544 921 3628 satisfecerit,
958 3543 1074 3608 habere
1108 3562 1198 3612 nuno
1233 3563 1270 3610 se

211 3653 366 3717 rationem
397 3651 494 3717 officii
524 3671 581 3737 pro
612 3651 775 3718 beneficiis
807 3649 963 3716 Caesaris:
999 3669 1143 3733 monere,
1179 3669 1271 3719 oraro

210 3757 366 3822 Titurium
388 3777 445 3843 pro
463 3758 614 3842 hospitio,
636 3762 674 3823 ut
690 3776 768 3823 suae
785 3775 822 3822 ac
841 3756 979 3821 militum
1002 3755 1097 3821 saluti
1114 3756 1267 3822 consulat

183 3882 358 3949 emagnam
378 3883 511 3930 manum
534 3862 764 3930 Germanorum
784 3863 975 3929 conductum
996 3862 1144 3929 Rhenum
1166 3867 1270 3927 trans·
