<?xml version="1.0" encoding="UTF-8"?>
<!DOCTYPE html PUBLIC "-//W3C//DTD XHTML 1.0 Transitional//EN"
    "http://www.w3.org/TR/xhtml1/DTD/xhtml1-transitional.dtd">
<html xmlns="http://www.w3.org/1999/xhtml" xml:lang="en" lang="en">
 <head>
  <title>
</title>
<meta http-equiv="Content-Type" content="text/html;charset=utf-8" />
  <meta name='ocr-system' content='tesseract 3.04.00' />
  <meta name='ocr-capabilities' content='ocr_page ocr_carea ocr_par ocr_line ocrx_word'/>
</head>
<body>
  <div class='ocr_page' id='page_1' title='image "./ciuliicaesarisb02meusgoog_0172.png"; bbox 0 0 2738 4424; ppageno 0'>
   <div class='ocr_carea' id='block_1_1' title="bbox 179 237 834 310">
    <p class='ocr_par' dir='ltr' id='par_1_1' title="bbox 179 237 834 310">
     <span class='ocr_line' id='line_1_1' title="bbox 179 237 834 310; baseline 0.002 -1"><span class='ocrx_word' id='word_1_1' title='bbox 179 237 241 300; x_wconf 82' lang='lat'>156</span> <span class='ocrx_word' id='word_1_2' title='bbox 574 255 834 310; x_wconf 76' lang='lat' dir='ltr'>nmmcrmrcr</span> 
     </span>
    </p>
   </div>
   <div class='ocr_carea' id='block_1_2' title="bbox 150 415 1235 603">
    <p class='ocr_par' dir='ltr' id='par_1_2' title="bbox 150 415 1235 603">
     <span class='ocr_line' id='line_1_2' title="bbox 150 415 1235 500; baseline -0.002 -21"><span class='ocrx_word' id='word_1_3' title='bbox 150 433 315 496; x_wconf 80' lang='lat' dir='ltr'>aquacum</span> <span class='ocrx_word' id='word_1_4' title='bbox 338 418 418 496; x_wconf 91' lang='lat' dir='ltr'>erat,</span> <span class='ocrx_word' id='word_1_5' title='bbox 441 415 592 479; x_wconf 86' lang='lat' dir='ltr'>continuo</span> <span class='ocrx_word' id='word_1_6' title='bbox 615 416 706 500; x_wconf 82' lang='lat' dir='ltr'>signa</span> <span class='ocrx_word' id='word_1_7' title='bbox 729 419 945 480; x_wconf 89' lang='lat' dir='ltr'>constiterunt</span> <span class='ocrx_word' id='word_1_8' title='bbox 983 420 1015 480; x_wconf 87' lang='lat' dir='ltr'>at</span> <span class='ocrx_word' id='word_1_9' title='bbox 1036 416 1235 498; x_wconf 88' lang='lat' dir='ltr'>reliquarum</span> 
     </span>
     <span class='ocr_line' id='line_1_3' title="bbox 178 518 1235 603; baseline -0.001 -21"><span class='ocrx_word' id='word_1_10' title='bbox 178 518 340 602; x_wconf 85' lang='lat' dir='ltr'>legionum</span> <span class='ocrx_word' id='word_1_11' title='bbox 362 520 478 585; x_wconf 78' lang='lat' dir='ltr'>milites</span> <span class='ocrx_word' id='word_1_12' title='bbox 500 540 566 584; x_wconf 91' lang='lat' dir='ltr'>non</span> <span class='ocrx_word' id='word_1_13' title='bbox 581 523 688 585; x_wconf 90' lang='lat' dir='ltr'>audito</span> <span class='ocrx_word' id='word_1_14' title='bbox 703 541 782 586; x_wconf 92' lang='lat' dir='ltr'>sono</span> <span class='ocrx_word' id='word_1_15' title='bbox 797 523 903 603; x_wconf 88' lang='lat' dir='ltr'>tubae,</span> <span class='ocrx_word' id='word_1_16' title='bbox 927 522 1012 603; x_wconf 90' lang='lat' dir='ltr'>quod</span> <span class='ocrx_word' id='word_1_17' title='bbox 1027 521 1103 586; x_wconf 88' lang='lat' dir='ltr'>satis</span> <span class='ocrx_word' id='word_1_18' title='bbox 1119 538 1235 603; x_wconf 80' lang='lat' dir='ltr'>magna</span> 
     </span>
    </p>
   </div>
   <div class='ocr_carea' id='block_1_3' title="bbox 124 625 1239 3987">
    <p class='ocr_par' dir='ltr' id='par_1_3' title="bbox 124 625 1239 3987">
     <span class='ocr_line' id='line_1_4' title="bbox 177 625 1234 710; baseline 0.001 -23"><span class='ocrx_word' id='word_1_19' title='bbox 177 625 277 689; x_wconf 84' lang='lat' dir='ltr'>valles</span> <span class='ocrx_word' id='word_1_20' title='bbox 299 625 524 710; x_wconf 81' lang='lat' dir='ltr'>intercedebat,</span> <span class='ocrx_word' id='word_1_21' title='bbox 552 631 656 692; x_wconf 85' lang='lat' dir='ltr'>tamen</span> <span class='ocrx_word' id='word_1_22' title='bbox 682 648 702 690; x_wconf 93' lang='lat' dir='ltr'>a</span> <span class='ocrx_word' id='word_1_23' title='bbox 723 628 859 691; x_wconf 89' lang='lat' dir='ltr'>tribunis</span> <span class='ocrx_word' id='word_1_24' title='bbox 886 629 1022 691; x_wconf 91' lang='lat' dir='ltr'>militum</span> <span class='ocrx_word' id='word_1_25' title='bbox 1050 627 1234 710; x_wconf 85' lang='lat' dir='ltr'>legatisque,</span> 
     </span>
     <span class='ocr_line' id='line_1_5' title="bbox 150 730 1235 816; baseline -0.003 -20"><span class='ocrx_word' id='word_1_26' title='bbox 150 735 215 796; x_wconf 84' lang='lat' dir='ltr'>cut</span> <span class='ocrx_word' id='word_1_27' title='bbox 244 735 310 794; x_wconf 86' lang='lat' dir='ltr'>erat</span> <span class='ocrx_word' id='word_1_28' title='bbox 342 752 360 795; x_wconf 88' lang='lat' dir='ltr'>a</span> <span class='ocrx_word' id='word_1_29' title='bbox 393 732 524 797; x_wconf 79' lang='lat' dir='ltr'>Caesare</span> <span class='ocrx_word' id='word_1_30' title='bbox 554 742 768 816; x_wconf 85' lang='lat' dir='ltr'>praeceptum,</span> <span class='ocrx_word' id='word_1_31' title='bbox 800 733 1023 798; x_wconf 82' lang='lat' dir='ltr'>retinebantur.</span> <span class='ocrx_word' id='word_1_32' title='bbox 1073 733 1129 796; x_wconf 89' lang='lat' dir='ltr'>sed</span> <span class='ocrx_word' id='word_1_33' title='bbox 1159 730 1235 794; x_wconf 89' lang='lat' dir='ltr'>elati</span> 
     </span>
     <span class='ocr_line' id='line_1_6' title="bbox 179 837 1235 922; baseline -0.002 -21"><span class='ocrx_word' id='word_1_34' title='bbox 179 855 234 920; x_wconf 87' lang='lat' dir='ltr'>spo</span> <span class='ocrx_word' id='word_1_35' title='bbox 257 838 369 902; x_wconf 89' lang='lat' dir='ltr'>celeris</span> <span class='ocrx_word' id='word_1_36' title='bbox 391 837 541 903; x_wconf 83' lang='lat' dir='ltr'>victoriae</span> <span class='ocrx_word' id='word_1_37' title='bbox 569 845 600 903; x_wconf 89' lang='lat' dir='ltr'>et</span> <span class='ocrx_word' id='word_1_38' title='bbox 622 839 759 902; x_wconf 88' lang='lat' dir='ltr'>bostium</span> <span class='ocrx_word' id='word_1_39' title='bbox 782 841 857 922; x_wconf 86' lang='lat' dir='ltr'>fuga</span> <span class='ocrx_word' id='word_1_40' title='bbox 882 845 913 904; x_wconf 89' lang='lat' dir='ltr'>et</span> <span class='ocrx_word' id='word_1_41' title='bbox 935 839 1133 922; x_wconf 84' lang='lat' dir='ltr'>superiorum</span> <span class='ocrx_word' id='word_1_42' title='bbox 1155 840 1235 900; x_wconf 89' lang='lat' dir='ltr'>tern-</span> 
     </span>
     <span class='ocr_line' id='line_1_7' title="bbox 178 943 1235 1027; baseline -0.001 -21"><span class='ocrx_word' id='word_1_43' title='bbox 178 961 292 1026; x_wconf 90' lang='lat' dir='ltr'>porum</span> <span class='ocrx_word' id='word_1_44' title='bbox 319 943 467 1008; x_wconf 86' lang='lat' dir='ltr'>secundis</span> <span class='ocrx_word' id='word_1_45' title='bbox 493 945 621 1027; x_wconf 90' lang='lat' dir='ltr'>proeliis</span> <span class='ocrx_word' id='word_1_46' title='bbox 651 945 731 1008; x_wconf 90' lang='lat' dir='ltr'>nihil</span> <span class='ocrx_word' id='word_1_47' title='bbox 765 945 841 1008; x_wconf 85' lang='lat' dir='ltr'>adeo</span> <span class='ocrx_word' id='word_1_48' title='bbox 874 944 1007 1008; x_wconf 90' lang='lat' dir='ltr'>arduum</span> <span class='ocrx_word' id='word_1_49' title='bbox 1035 943 1095 1008; x_wconf 91' lang='lat' dir='ltr'>sibi</span> <span class='ocrx_word' id='word_1_50' title='bbox 1124 943 1235 1006; x_wconf 83' lang='lat' dir='ltr'>existi-</span> 
     </span>
     <span class='ocr_line' id='line_1_8' title="bbox 178 1047 1233 1134; baseline 0 -24"><span class='ocrx_word' id='word_1_51' title='bbox 178 1049 320 1132; x_wconf 90' lang='lat' dir='ltr'>mabant,</span> <span class='ocrx_word' id='word_1_52' title='bbox 344 1049 429 1131; x_wconf 90' lang='lat' dir='ltr'>quod</span> <span class='ocrx_word' id='word_1_53' title='bbox 452 1068 516 1112; x_wconf 92' lang='lat' dir='ltr'>non</span> <span class='ocrx_word' id='word_1_54' title='bbox 537 1051 652 1113; x_wconf 85' lang='lat' dir='ltr'>virtute</span> <span class='ocrx_word' id='word_1_55' title='bbox 673 1051 825 1132; x_wconf 85' lang='lat' dir='ltr'>consequi</span> <span class='ocrx_word' id='word_1_56' title='bbox 847 1056 987 1134; x_wconf 85' lang='lat' dir='ltr'>possent,</span> <span class='ocrx_word' id='word_1_57' title='bbox 1009 1065 1113 1133; x_wconf 90' lang='lat' dir='ltr'>neque</span> <span class='ocrx_word' id='word_1_58' title='bbox 1135 1047 1233 1111; x_wconf 91' lang='lat' dir='ltr'>finem</span> 
     </span>
     <span class='ocr_line' id='line_1_9' title="bbox 178 1152 1236 1239; baseline -0.003 -21"><span class='ocrx_word' id='word_1_59' title='bbox 178 1156 266 1238; x_wconf 85' lang='lat' dir='ltr'>prius</span> <span class='ocrx_word' id='word_1_60' title='bbox 289 1155 443 1237; x_wconf 89' lang='lat' dir='ltr'>sequendi</span> <span class='ocrx_word' id='word_1_61' title='bbox 465 1155 620 1238; x_wconf 85' lang='lat' dir='ltr'>fecenmt,</span> <span class='ocrx_word' id='word_1_62' title='bbox 644 1175 738 1239; x_wconf 89' lang='lat' dir='ltr'>quarn</span> <span class='ocrx_word' id='word_1_63' title='bbox 756 1175 847 1218; x_wconf 90' lang='lat' dir='ltr'>muro</span> <span class='ocrx_word' id='word_1_64' title='bbox 867 1155 974 1239; x_wconf 90' lang='lat' dir='ltr'>oppidi</span> <span class='ocrx_word' id='word_1_65' title='bbox 994 1155 1157 1239; x_wconf 88' lang='lat' dir='ltr'>portisque</span> <span class='ocrx_word' id='word_1_66' title='bbox 1180 1152 1236 1215; x_wconf 86' lang='lat' dir='ltr'>ad·</span> 
     </span>
     <span class='ocr_line' id='line_1_10' title="bbox 152 1260 1235 1344; baseline -0.002 -20"><span class='ocrx_word' id='word_1_67' title='bbox 152 1261 438 1344; x_wconf 76' lang='lat' dir='ltr'>apropinquarunt</span> <span class='ocrx_word' id='word_1_68' title='bbox 477 1267 544 1324; x_wconf 84' lang='lat' dir='ltr'>tum</span> <span class='ocrx_word' id='word_1_69' title='bbox 561 1279 635 1324; x_wconf 89' lang='lat' dir='ltr'>vero</span> <span class='ocrx_word' id='word_1_70' title='bbox 659 1280 699 1325; x_wconf 84' lang='lat' dir='ltr'>ex</span> <span class='ocrx_word' id='word_1_71' title='bbox 722 1261 868 1324; x_wconf 90' lang='lat' dir='ltr'>omnibus</span> <span class='ocrx_word' id='word_1_72' title='bbox 890 1261 978 1325; x_wconf 90' lang='lat' dir='ltr'>urbis</span> <span class='ocrx_word' id='word_1_73' title='bbox 1000 1260 1142 1344; x_wconf 89' lang='lat' dir='ltr'>partibus</span> <span class='ocrx_word' id='word_1_74' title='bbox 1165 1262 1235 1322; x_wconf 86' lang='lat' dir='ltr'>orto</span> 
     </span>
     <span class='ocr_line' id='line_1_11' title="bbox 180 1364 1236 1450; baseline -0.001 -21"><span class='ocrx_word' id='word_1_75' title='bbox 180 1367 328 1447; x_wconf 91' lang='lat' dir='ltr'>clamore,</span> <span class='ocrx_word' id='word_1_76' title='bbox 351 1367 406 1449; x_wconf 92' lang='lat' dir='ltr'>qui</span> <span class='ocrx_word' id='word_1_77' title='bbox 422 1366 549 1450; x_wconf 82' lang='lat' dir='ltr'>longius</span> <span class='ocrx_word' id='word_1_78' title='bbox 564 1365 707 1448; x_wconf 89' lang='lat' dir='ltr'>aberant,</span> <span class='ocrx_word' id='word_1_79' title='bbox 729 1368 893 1449; x_wconf 87' lang='lat' dir='ltr'>repentino</span> <span class='ocrx_word' id='word_1_80' title='bbox 910 1367 1050 1430; x_wconf 89' lang='lat' dir='ltr'>tumultu</span> <span class='ocrx_word' id='word_1_81' title='bbox 1067 1364 1236 1449; x_wconf 85' lang='lat' dir='ltr'>perterriti,</span> 
     </span>
     <span class='ocr_line' id='line_1_12' title="bbox 180 1470 1236 1555; baseline -0.002 -21"><span class='ocrx_word' id='word_1_82' title='bbox 180 1490 253 1534; x_wconf 91' lang='lat' dir='ltr'>cum</span> <span class='ocrx_word' id='word_1_83' title='bbox 276 1471 398 1536; x_wconf 90' lang='lat' dir='ltr'>hostem</span> <span class='ocrx_word' id='word_1_84' title='bbox 420 1473 504 1535; x_wconf 88' lang='lat' dir='ltr'>intra</span> <span class='ocrx_word' id='word_1_85' title='bbox 525 1479 631 1555; x_wconf 85' lang='lat' dir='ltr'>portae</span> <span class='ocrx_word' id='word_1_86' title='bbox 654 1491 722 1536; x_wconf 90' lang='lat' dir='ltr'>esse</span> <span class='ocrx_word' id='word_1_87' title='bbox 746 1473 975 1554; x_wconf 84' lang='lat' dir='ltr'>existimarent,</span> <span class='ocrx_word' id='word_1_88' title='bbox 998 1491 1032 1535; x_wconf 91' lang='lat' dir='ltr'>se</span> <span class='ocrx_word' id='word_1_89' title='bbox 1055 1491 1097 1536; x_wconf 85' lang='lat' dir='ltr'>ex</span> <span class='ocrx_word' id='word_1_90' title='bbox 1120 1470 1236 1554; x_wconf 91' lang='lat' dir='ltr'>oppido</span> 
     </span>
     <span class='ocr_line' id='line_1_13' title="bbox 152 1577 1236 1658; baseline 0 -18"><span class='ocrx_word' id='word_1_91' title='bbox 152 1577 348 1640; x_wconf 79' lang='lat' dir='ltr'>coiecerunt.</span> <span class='ocrx_word' id='word_1_92' title='bbox 386 1584 502 1640; x_wconf 89' lang='lat' dir='ltr'>matres</span> <span class='ocrx_word' id='word_1_93' title='bbox 523 1578 661 1642; x_wconf 84' lang='lat' dir='ltr'>familiae</span> <span class='ocrx_word' id='word_1_94' title='bbox 684 1577 723 1641; x_wconf 93' lang='lat' dir='ltr'>de</span> <span class='ocrx_word' id='word_1_95' title='bbox 744 1597 836 1642; x_wconf 91' lang='lat' dir='ltr'>muro</span> <span class='ocrx_word' id='word_1_96' title='bbox 860 1584 980 1643; x_wconf 85' lang='lat' dir='ltr'>vestem</span> <span class='ocrx_word' id='word_1_97' title='bbox 1003 1581 1236 1658; x_wconf 84' lang='lat' dir='ltr'>argentumque</span> 
     </span>
     <span class='ocr_line' id='line_1_14' title="bbox 179 1680 1236 1767; baseline -0.002 -21"><span class='ocrx_word' id='word_1_98' title='bbox 179 1682 337 1746; x_wconf 88' lang='lat' dir='ltr'>iactabant</span> <span class='ocrx_word' id='word_1_99' title='bbox 359 1687 391 1746; x_wconf 92' lang='lat' dir='ltr'>et</span> <span class='ocrx_word' id='word_1_100' title='bbox 411 1688 538 1766; x_wconf 85' lang='lat' dir='ltr'>pectore</span> <span class='ocrx_word' id='word_1_101' title='bbox 555 1683 642 1747; x_wconf 91' lang='lat' dir='ltr'>nudo</span> <span class='ocrx_word' id='word_1_102' title='bbox 661 1686 874 1766; x_wconf 88' lang='lat' dir='ltr'>prominentes</span> <span class='ocrx_word' id='word_1_103' title='bbox 892 1684 992 1767; x_wconf 86' lang='lat' dir='ltr'>passis</span> <span class='ocrx_word' id='word_1_104' title='bbox 1011 1681 1160 1746; x_wconf 90' lang='lat' dir='ltr'>manibus</span> <span class='ocrx_word' id='word_1_105' title='bbox 1180 1680 1236 1745; x_wconf 93' lang='lat' dir='ltr'>ob·</span> 
     </span>
     <span class='ocr_line' id='line_1_15' title="bbox 180 1787 1236 1873; baseline -0.004 -20"><span class='ocrx_word' id='word_1_106' title='bbox 180 1788 376 1853; x_wconf 86' lang='lat' dir='ltr'>testabantur</span> <span class='ocrx_word' id='word_1_107' title='bbox 389 1788 561 1872; x_wconf 90' lang='lat' dir='ltr'>Romanos,</span> <span class='ocrx_word' id='word_1_108' title='bbox 584 1792 621 1851; x_wconf 92' lang='lat' dir='ltr'>ut</span> <span class='ocrx_word' id='word_1_109' title='bbox 639 1788 700 1852; x_wconf 89' lang='lat' dir='ltr'>sibi</span> <span class='ocrx_word' id='word_1_110' title='bbox 719 1796 883 1873; x_wconf 82' lang='lat' dir='ltr'>parcerent</span> <span class='ocrx_word' id='word_1_111' title='bbox 904 1808 982 1872; x_wconf 93' lang='lat' dir='ltr'>neu,</span> <span class='ocrx_word' id='word_1_112' title='bbox 1001 1788 1086 1854; x_wconf 91' lang='lat' dir='ltr'>sicut</span> <span class='ocrx_word' id='word_1_113' title='bbox 1104 1787 1236 1850; x_wconf 86' lang='lat' dir='ltr'>Avarici</span> 
     </span>
     <span class='ocr_line' id='line_1_16' title="bbox 179 1893 1237 1978; baseline -0.002 -20"><span class='ocrx_word' id='word_1_114' title='bbox 179 1895 340 1977; x_wconf 85' lang='lat' dir='ltr'>fecissent,</span> <span class='ocrx_word' id='word_1_115' title='bbox 370 1913 412 1960; x_wconf 91' lang='lat' dir='ltr'>ne</span> <span class='ocrx_word' id='word_1_116' title='bbox 440 1914 459 1958; x_wconf 88' lang='lat' dir='ltr'>a</span> <span class='ocrx_word' id='word_1_117' title='bbox 485 1893 672 1958; x_wconf 89' lang='lat' dir='ltr'>mulieribus</span> <span class='ocrx_word' id='word_1_118' title='bbox 696 1895 823 1978; x_wconf 86' lang='lat' dir='ltr'>quidem</span> <span class='ocrx_word' id='word_1_119' title='bbox 850 1901 945 1977; x_wconf 90' lang='lat' dir='ltr'>atque</span> <span class='ocrx_word' id='word_1_120' title='bbox 968 1893 1143 1958; x_wconf 85' lang='lat' dir='ltr'>infantibus</span> <span class='ocrx_word' id='word_1_121' title='bbox 1166 1893 1237 1956; x_wconf 90' lang='lat' dir='ltr'>abs·</span> 
     </span>
     <span class='ocr_line' id='line_1_17' title="bbox 153 1999 1237 2101; baseline -0.002 -37"><span class='ocrx_word' id='word_1_122' title='bbox 153 2003 329 2083; x_wconf 77' lang='lat' dir='ltr'>ttinerent3</span> <span class='ocrx_word' id='word_1_123' title='bbox 352 2020 423 2101; x_wconf 74' lang='lat' dir='ltr'>,non</span> <span class='ocrx_word' id='word_1_124' title='bbox 449 2001 557 2064; x_wconf 88' lang='lat' dir='ltr'>nullae</span> <span class='ocrx_word' id='word_1_125' title='bbox 585 1999 623 2064; x_wconf 89' lang='lat' dir='ltr'>de</span> <span class='ocrx_word' id='word_1_126' title='bbox 650 2020 741 2063; x_wconf 91' lang='lat' dir='ltr'>muro</span> <span class='ocrx_word' id='word_1_127' title='bbox 767 2021 824 2084; x_wconf 90' lang='lat' dir='ltr'>per</span> <span class='ocrx_word' id='word_1_128' title='bbox 848 2019 962 2064; x_wconf 90' lang='lat' dir='ltr'>manus</span> <span class='ocrx_word' id='word_1_129' title='bbox 989 1999 1144 2063; x_wconf 88' lang='lat' dir='ltr'>demissae</span> <span class='ocrx_word' id='word_1_130' title='bbox 1166 2017 1237 2064; x_wconf 89' lang='lat' dir='ltr'>sese</span> 
     </span>
     <span class='ocr_line' id='line_1_18' title="bbox 154 2105 1237 2188; baseline -0.002 -17"><span class='ocrx_word' id='word_1_131' title='bbox 154 2107 334 2172; x_wconf 65' lang='lat' dir='ltr'>:militibus</span> <span class='ocrx_word' id='word_1_132' title='bbox 359 2106 533 2171; x_wconf 86' lang='lat' dir='ltr'>tradebant</span> <span class='ocrx_word' id='word_1_133' title='bbox 581 2105 613 2169; x_wconf 83' lang='lat' dir='ltr'>L</span> <span class='ocrx_word' id='word_1_134' title='bbox 638 2106 768 2188; x_wconf 82' lang='lat' dir='ltr'>Fabius,</span> <span class='ocrx_word' id='word_1_135' title='bbox 800 2107 943 2170; x_wconf 88' lang='lat' dir='ltr'>centurio</span> <span class='ocrx_word' id='word_1_136' title='bbox 974 2106 1111 2188; x_wconf 83' lang='lat' dir='ltr'>legionis</span> <span class='ocrx_word' id='word_1_137' title='bbox 1136 2105 1237 2187; x_wconf 84' lang='lat' dir='ltr'>VHI,</span> 
     </span>
     <span class='ocr_line' id='line_1_19' title="bbox 182 2211 1237 2296; baseline -0.004 -19"><span class='ocrx_word' id='word_1_138' title='bbox 182 2232 275 2296; x_wconf 91' lang='lat' dir='ltr'>quem</span> <span class='ocrx_word' id='word_1_139' title='bbox 297 2214 381 2277; x_wconf 90' lang='lat' dir='ltr'>inter</span> <span class='ocrx_word' id='word_1_140' title='bbox 402 2232 477 2276; x_wconf 92' lang='lat' dir='ltr'>suos</span> <span class='ocrx_word' id='word_1_141' title='bbox 500 2230 537 2276; x_wconf 91' lang='lat' dir='ltr'>co</span> <span class='ocrx_word' id='word_1_142' title='bbox 562 2211 614 2276; x_wconf 88' lang='lat' dir='ltr'>die</span> <span class='ocrx_word' id='word_1_143' title='bbox 638 2212 755 2276; x_wconf 82' lang='lat' dir='ltr'>dixisse</span> <span class='ocrx_word' id='word_1_144' title='bbox 774 2212 937 2276; x_wconf 85' lang='lat' dir='ltr'>constabat</span> <span class='ocrx_word' id='word_1_145' title='bbox 952 2211 1084 2275; x_wconf 83' lang='lat' dir='ltr'>excitari</span> <span class='ocrx_word' id='word_1_146' title='bbox 1101 2229 1136 2275; x_wconf 89' lang='lat' dir='ltr'>se</span> <span class='ocrx_word' id='word_1_147' title='bbox 1150 2211 1237 2273; x_wconf 78' lang='lat' dir='ltr'>Ava—</span> 
     </span>
     <span class='ocr_line' id='line_1_20' title="bbox 179 2305 1237 2402; baseline -0.003 -19"><span class='ocrx_word' id='word_1_148' title='bbox 179 2305 357 2384; x_wconf 86' lang='lat' dir='ltr'>ricensibus</span> <span class='ocrx_word' id='word_1_149' title='bbox 383 2319 532 2402; x_wconf 86' lang='lat' dir='ltr'>praemiis</span> <span class='ocrx_word' id='word_1_150' title='bbox 559 2337 663 2399; x_wconf 87' lang='lat' dir='ltr'>neque</span> <span class='ocrx_word' id='word_1_151' title='bbox 691 2321 946 2398; x_wconf 87' lang='lat' dir='ltr'>commissurum,</span> <span class='ocrx_word' id='word_1_152' title='bbox 973 2322 1010 2382; x_wconf 91' lang='lat' dir='ltr'>ut</span> <span class='ocrx_word' id='word_1_153' title='bbox 1035 2317 1123 2400; x_wconf 89' lang='lat' dir='ltr'>prius</span> <span class='ocrx_word' id='word_1_154' title='bbox 1149 2317 1237 2399; x_wconf 92' lang='lat' dir='ltr'>quis·</span> 
     </span>
     <span class='ocr_line' id='line_1_21' title="bbox 181 2422 1236 2508; baseline -0.002 -20"><span class='ocrx_word' id='word_1_155' title='bbox 181 2445 277 2508; x_wconf 91' lang='lat' dir='ltr'>quam</span> <span class='ocrx_word' id='word_1_156' title='bbox 302 2444 432 2488; x_wconf 92' lang='lat' dir='ltr'>murum</span> <span class='ocrx_word' id='word_1_157' title='bbox 459 2425 654 2504; x_wconf 86' lang='lat' dir='ltr'>ascenderet,</span> <span class='ocrx_word' id='word_1_158' title='bbox 684 2429 748 2488; x_wconf 88' lang='lat' dir='ltr'>tres</span> <span class='ocrx_word' id='word_1_159' title='bbox 776 2443 849 2487; x_wconf 90' lang='lat' dir='ltr'>suos</span> <span class='ocrx_word' id='word_1_160' title='bbox 881 2427 991 2487; x_wconf 87' lang='lat' dir='ltr'>nactus</span> <span class='ocrx_word' id='word_1_161' title='bbox 1023 2422 1236 2506; x_wconf 86' lang='lat' dir='ltr'>manipulares</span> 
     </span>
     <span class='ocr_line' id='line_1_22' title="bbox 181 2529 1236 2613; baseline -0.002 -20"><span class='ocrx_word' id='word_1_162' title='bbox 181 2536 276 2611; x_wconf 89' lang='lat' dir='ltr'>atque</span> <span class='ocrx_word' id='word_1_163' title='bbox 299 2529 338 2593; x_wconf 92' lang='lat' dir='ltr'>ab</span> <span class='ocrx_word' id='word_1_164' title='bbox 359 2530 401 2592; x_wconf 89' lang='lat' dir='ltr'>iis</span> <span class='ocrx_word' id='word_1_165' title='bbox 423 2529 606 2595; x_wconf 86' lang='lat' dir='ltr'>sublevatus</span> <span class='ocrx_word' id='word_1_166' title='bbox 629 2549 757 2592; x_wconf 91' lang='lat' dir='ltr'>murum</span> <span class='ocrx_word' id='word_1_167' title='bbox 777 2529 930 2607; x_wconf 81' lang='lat' dir='ltr'>ascendit3</span> <span class='ocrx_word' id='word_1_168' title='bbox 954 2530 1012 2593; x_wconf 91' lang='lat' dir='ltr'>hos</span> <span class='ocrx_word' id='word_1_169' title='bbox 1034 2531 1101 2613; x_wconf 90' lang='lat' dir='ltr'>ipse</span> <span class='ocrx_word' id='word_1_170' title='bbox 1124 2547 1236 2592; x_wconf 90' lang='lat' dir='ltr'>rursus</span> 
     </span>
     <span class='ocr_line' id='line_1_23' title="bbox 124 2633 1236 2718; baseline -0.004 -17"><span class='ocrx_word' id='word_1_171' title='bbox 124 2645 163 2701; x_wconf 73' lang='lat' dir='ltr'>ts</span> <span class='ocrx_word' id='word_1_172' title='bbox 181 2635 324 2718; x_wconf 87' lang='lat' dir='ltr'>singulos</span> <span class='ocrx_word' id='word_1_173' title='bbox 347 2640 517 2718; x_wconf 84' lang='lat' dir='ltr'>exceptans</span> <span class='ocrx_word' id='word_1_174' title='bbox 540 2636 575 2698; x_wconf 94' lang='lat' dir='ltr'>in</span> <span class='ocrx_word' id='word_1_175' title='bbox 597 2655 725 2698; x_wconf 90' lang='lat' dir='ltr'>murum</span> <span class='ocrx_word' id='word_1_176' title='bbox 747 2636 869 2699; x_wconf 81' lang='lat' dir='ltr'>extulit</span> <span class='ocrx_word' id='word_1_177' title='bbox 906 2635 1039 2700; x_wconf 89' lang='lat' dir='ltr'>Interim</span> <span class='ocrx_word' id='word_1_178' title='bbox 1057 2635 1095 2718; x_wconf 90' lang='lat' dir='ltr'>ii,</span> <span class='ocrx_word' id='word_1_179' title='bbox 1119 2634 1175 2717; x_wconf 93' lang='lat' dir='ltr'>qui</span> <span class='ocrx_word' id='word_1_180' title='bbox 1195 2633 1236 2696; x_wconf 91' lang='lat' dir='ltr'>ad</span> 
     </span>
     <span class='ocr_line' id='line_1_24' title="bbox 181 2739 1236 2824; baseline -0.002 -21"><span class='ocrx_word' id='word_1_181' title='bbox 181 2741 310 2805; x_wconf 86' lang='lat' dir='ltr'>alteram</span> <span class='ocrx_word' id='word_1_182' title='bbox 333 2747 453 2824; x_wconf 83' lang='lat' dir='ltr'>partem</span> <span class='ocrx_word' id='word_1_183' title='bbox 476 2741 597 2823; x_wconf 91' lang='lat' dir='ltr'>oppidi,</span> <span class='ocrx_word' id='word_1_184' title='bbox 624 2746 661 2804; x_wconf 87' lang='lat' dir='ltr'>ut</span> <span class='ocrx_word' id='word_1_185' title='bbox 682 2761 778 2824; x_wconf 91' lang='lat' dir='ltr'>supra</span> <span class='ocrx_word' id='word_1_186' title='bbox 802 2741 1102 2822; x_wconf 86' lang='lat' dir='ltr'>demonstravimus,</span> <span class='ocrx_word' id='word_1_187' title='bbox 1129 2739 1236 2802; x_wconf 91' lang='lat' dir='ltr'>muni-</span> 
     </span>
     <span class='ocr_line' id='line_1_25' title="bbox 180 2845 1236 2930; baseline -0.002 -20"><span class='ocrx_word' id='word_1_188' title='bbox 180 2845 276 2910; x_wconf 91' lang='lat' dir='ltr'>tionis</span> <span class='ocrx_word' id='word_1_189' title='bbox 303 2864 399 2909; x_wconf 83' lang='lat' dir='ltr'>causa</span> <span class='ocrx_word' id='word_1_190' title='bbox 425 2851 651 2928; x_wconf 85' lang='lat' dir='ltr'>convenerant,</span> <span class='ocrx_word' id='word_1_191' title='bbox 678 2848 779 2930; x_wconf 90' lang='lat' dir='ltr'>primo</span> <span class='ocrx_word' id='word_1_192' title='bbox 807 2846 956 2911; x_wconf 85' lang='lat' dir='ltr'>exaudito</span> <span class='ocrx_word' id='word_1_193' title='bbox 984 2845 1133 2929; x_wconf 90' lang='lat' dir='ltr'>clamore,</span> <span class='ocrx_word' id='word_1_194' title='bbox 1159 2845 1236 2909; x_wconf 91' lang='lat' dir='ltr'>inde</span> 
     </span>
     <span class='ocr_line' id='line_1_26' title="bbox 181 2951 1236 3035; baseline -0.005 -17"><span class='ocrx_word' id='word_1_195' title='bbox 181 2953 277 3019; x_wconf 88' lang='lat' dir='ltr'>etiarn</span> <span class='ocrx_word' id='word_1_196' title='bbox 300 2951 419 3016; x_wconf 86' lang='lat' dir='ltr'>crebris</span> <span class='ocrx_word' id='word_1_197' title='bbox 441 2953 564 3015; x_wconf 91' lang='lat' dir='ltr'>nuntiis</span> <span class='ocrx_word' id='word_1_198' title='bbox 587 2952 708 3015; x_wconf 91' lang='lat' dir='ltr'>incitati</span> <span class='ocrx_word' id='word_1_199' title='bbox 732 2953 881 3035; x_wconf 91' lang='lat' dir='ltr'>oppidum</span> <span class='ocrx_word' id='word_1_200' title='bbox 907 2973 925 3014; x_wconf 91' lang='lat' dir='ltr'>a</span> <span class='ocrx_word' id='word_1_201' title='bbox 946 2951 1098 3015; x_wconf 89' lang='lat' dir='ltr'>Romanis</span> <span class='ocrx_word' id='word_1_202' title='bbox 1125 2951 1236 3034; x_wconf 86' lang='lat' dir='ltr'>teneri,</span> 
     </span>
     <span class='ocr_line' id='line_1_27' title="bbox 154 3057 1235 3143; baseline -0.001 -23"><span class='ocrx_word' id='word_1_203' title='bbox 154 3077 168 3120; x_wconf 80' lang='lat' dir='ltr'>a</span> <span class='ocrx_word' id='word_1_204' title='bbox 181 3059 360 3143; x_wconf 85' lang='lat' dir='ltr'>praemissis</span> <span class='ocrx_word' id='word_1_205' title='bbox 376 3058 536 3139; x_wconf 89' lang='lat' dir='ltr'>equitibus</span> <span class='ocrx_word' id='word_1_206' title='bbox 550 3078 665 3140; x_wconf 85' lang='lat' dir='ltr'>magno</span> <span class='ocrx_word' id='word_1_207' title='bbox 681 3077 775 3121; x_wconf 91' lang='lat' dir='ltr'>cursu</span> <span class='ocrx_word' id='word_1_208' title='bbox 795 3077 832 3122; x_wconf 89' lang='lat' dir='ltr'>co</span> <span class='ocrx_word' id='word_1_209' title='bbox 848 3057 1085 3122; x_wconf 91' lang='lat' dir='ltr'>contenderunt</span> <span class='ocrx_word' id='word_1_210' title='bbox 1123 3075 1235 3120; x_wconf 92' lang='lat' dir='ltr'>eorum</span> 
     </span>
     <span class='ocr_line' id='line_1_28' title="bbox 181 3163 1235 3248; baseline -0.003 -20"><span class='ocrx_word' id='word_1_211' title='bbox 181 3170 217 3229; x_wconf 92' lang='lat' dir='ltr'>ut</span> <span class='ocrx_word' id='word_1_212' title='bbox 239 3165 375 3247; x_wconf 90' lang='lat' dir='ltr'>quisquc</span> <span class='ocrx_word' id='word_1_213' title='bbox 396 3166 518 3248; x_wconf 90' lang='lat' dir='ltr'>primus</span> <span class='ocrx_word' id='word_1_214' title='bbox 533 3171 675 3246; x_wconf 85' lang='lat' dir='ltr'>venerat,</span> <span class='ocrx_word' id='word_1_215' title='bbox 697 3163 756 3227; x_wconf 90' lang='lat' dir='ltr'>sub</span> <span class='ocrx_word' id='word_1_216' title='bbox 772 3183 863 3227; x_wconf 90' lang='lat' dir='ltr'>muro</span> <span class='ocrx_word' id='word_1_217' title='bbox 880 3163 1070 3227; x_wconf 86' lang='lat' dir='ltr'>consistebat</span> <span class='ocrx_word' id='word_1_218' title='bbox 1088 3180 1235 3226; x_wconf 91' lang='lat' dir='ltr'>suorum-</span> 
     </span>
     <span class='ocr_line' id='line_1_29' title="bbox 154 3269 1237 3355; baseline -0.003 -21"><span class='ocrx_word' id='word_1_219' title='bbox 154 3290 244 3353; x_wconf 81' lang='lat' dir='ltr'>aque</span> <span class='ocrx_word' id='word_1_220' title='bbox 266 3270 475 3355; x_wconf 86' lang='lat' dir='ltr'>pugnantium</span> <span class='ocrx_word' id='word_1_221' title='bbox 498 3288 667 3333; x_wconf 90' lang='lat' dir='ltr'>numerum</span> <span class='ocrx_word' id='word_1_222' title='bbox 690 3269 831 3352; x_wconf 86' lang='lat' dir='ltr'>augebat.</span> <span class='ocrx_word' id='word_1_223' title='bbox 872 3287 1007 3350; x_wconf 89' lang='lat' dir='ltr'>quorum</span> <span class='ocrx_word' id='word_1_224' title='bbox 1027 3287 1100 3331; x_wconf 92' lang='lat' dir='ltr'>cum</span> <span class='ocrx_word' id='word_1_225' title='bbox 1120 3286 1237 3350; x_wconf 83' lang='lat' dir='ltr'>magna</span> 
     </span>
     <span class='ocr_line' id='line_1_30' title="bbox 181 3373 1236 3458; baseline -0.004 -18"><span class='ocrx_word' id='word_1_226' title='bbox 181 3376 351 3441; x_wconf 84' lang='lat' dir='ltr'>multitudo</span> <span class='ocrx_word' id='word_1_227' title='bbox 379 3377 592 3453; x_wconf 87' lang='lat' dir='ltr'>convenisset,</span> <span class='ocrx_word' id='word_1_228' title='bbox 618 3383 734 3439; x_wconf 86' lang='lat' dir='ltr'>matres</span> <span class='ocrx_word' id='word_1_229' title='bbox 761 3375 909 3458; x_wconf 85' lang='lat' dir='ltr'>familiae,</span> <span class='ocrx_word' id='word_1_230' title='bbox 937 3392 1019 3458; x_wconf 91' lang='lat' dir='ltr'>quae</span> <span class='ocrx_word' id='word_1_231' title='bbox 1039 3373 1133 3457; x_wconf 89' lang='lat' dir='ltr'>paulo</span> <span class='ocrx_word' id='word_1_232' title='bbox 1161 3377 1236 3437; x_wconf 88' lang='lat' dir='ltr'>ante</span> 
     </span>
     <span class='ocr_line' id='line_1_31' title="bbox 181 3479 1237 3562; baseline -0.005 -14"><span class='ocrx_word' id='word_1_233' title='bbox 181 3481 332 3548; x_wconf 90' lang='lat' dir='ltr'>Romanis</span> <span class='ocrx_word' id='word_1_234' title='bbox 364 3481 403 3546; x_wconf 94' lang='lat' dir='ltr'>de</span> <span class='ocrx_word' id='word_1_235' title='bbox 433 3501 526 3545; x_wconf 92' lang='lat' dir='ltr'>muro</span> <span class='ocrx_word' id='word_1_236' title='bbox 559 3501 671 3545; x_wconf 88' lang='lat' dir='ltr'>manus</span> <span class='ocrx_word' id='word_1_237' title='bbox 702 3481 886 3562; x_wconf 84' lang='lat' dir='ltr'>tendebant,</span> <span class='ocrx_word' id='word_1_238' title='bbox 917 3499 992 3543; x_wconf 93' lang='lat' dir='ltr'>suos</span> <span class='ocrx_word' id='word_1_239' title='bbox 1024 3479 1174 3544; x_wconf 88' lang='lat' dir='ltr'>obtestari</span> <span class='ocrx_word' id='word_1_240' title='bbox 1204 3481 1237 3543; x_wconf 89' lang='lat' dir='ltr'>et</span> 
     </span>
     <span class='ocr_line' id='line_1_32' title="bbox 181 3584 1237 3670; baseline -0.004 -18"><span class='ocrx_word' id='word_1_241' title='bbox 181 3607 269 3652; x_wconf 90' lang='lat' dir='ltr'>more</span> <span class='ocrx_word' id='word_1_242' title='bbox 303 3586 422 3651; x_wconf 80' lang='lat' dir='ltr'>Gallico</span> <span class='ocrx_word' id='word_1_243' title='bbox 456 3606 583 3670; x_wconf 88' lang='lat' dir='ltr'>passum</span> <span class='ocrx_word' id='word_1_244' title='bbox 617 3588 765 3669; x_wconf 89' lang='lat' dir='ltr'>capillum</span> <span class='ocrx_word' id='word_1_245' title='bbox 799 3592 956 3650; x_wconf 90' lang='lat' dir='ltr'>ostentare</span> <span class='ocrx_word' id='word_1_246' title='bbox 990 3584 1169 3667; x_wconf 88' lang='lat' dir='ltr'>liberosque</span> <span class='ocrx_word' id='word_1_247' title='bbox 1201 3584 1237 3648; x_wconf 91' lang='lat' dir='ltr'>in</span> 
     </span>
     <span class='ocr_line' id='line_1_33' title="bbox 156 3690 1237 3777; baseline -0.006 -19"><span class='ocrx_word' id='word_1_248' title='bbox 156 3699 384 3777; x_wconf 78' lang='lat' dir='ltr'>cconspcctum</span> <span class='ocrx_word' id='word_1_249' title='bbox 411 3693 550 3775; x_wconf 88' lang='lat' dir='ltr'>proferre</span> <span class='ocrx_word' id='word_1_250' title='bbox 578 3700 756 3774; x_wconf 89' lang='lat' dir='ltr'>coeperunt</span> <span class='ocrx_word' id='word_1_251' title='bbox 806 3697 872 3754; x_wconf 91' lang='lat' dir='ltr'>erat</span> <span class='ocrx_word' id='word_1_252' title='bbox 898 3691 1049 3755; x_wconf 88' lang='lat' dir='ltr'>Romanis</span> <span class='ocrx_word' id='word_1_253' title='bbox 1081 3710 1140 3757; x_wconf 89' lang='lat' dir='ltr'>nec</span> <span class='ocrx_word' id='word_1_254' title='bbox 1166 3690 1237 3753; x_wconf 90' lang='lat' dir='ltr'>loco</span> 
     </span>
     <span class='ocr_line' id='line_1_34' title="bbox 182 3796 1236 3880; baseline -0.004 -18"><span class='ocrx_word' id='word_1_255' title='bbox 182 3816 242 3862; x_wconf 91' lang='lat' dir='ltr'>nec</span> <span class='ocrx_word' id='word_1_256' title='bbox 269 3816 402 3862; x_wconf 88' lang='lat' dir='ltr'>numero</span> <span class='ocrx_word' id='word_1_257' title='bbox 434 3817 535 3880; x_wconf 91' lang='lat' dir='ltr'>aequa</span> <span class='ocrx_word' id='word_1_258' title='bbox 566 3800 739 3874; x_wconf 76' lang='lat' dir='ltr'>contenti03</span> <span class='ocrx_word' id='word_1_259' title='bbox 772 3797 866 3860; x_wconf 91' lang='lat' dir='ltr'>simul</span> <span class='ocrx_word' id='word_1_260' title='bbox 894 3800 926 3861; x_wconf 88' lang='lat' dir='ltr'>et</span> <span class='ocrx_word' id='word_1_261' title='bbox 952 3816 1048 3861; x_wconf 91' lang='lat' dir='ltr'>cursu</span> <span class='ocrx_word' id='word_1_262' title='bbox 1080 3801 1112 3862; x_wconf 92' lang='lat' dir='ltr'>et</span> <span class='ocrx_word' id='word_1_263' title='bbox 1137 3796 1236 3879; x_wconf 86' lang='lat' dir='ltr'>spatio</span> 
     </span>
     <span class='ocr_line' id='line_1_35' title="bbox 183 3902 1239 3987; baseline -0.001 -21"><span class='ocrx_word' id='word_1_264' title='bbox 183 3922 307 3987; x_wconf 82' lang='lat' dir='ltr'>pugnae</span> <span class='ocrx_word' id='word_1_265' title='bbox 331 3903 489 3986; x_wconf 84' lang='lat' dir='ltr'>defatigati</span> <span class='ocrx_word' id='word_1_266' title='bbox 511 3922 577 3967; x_wconf 92' lang='lat' dir='ltr'>non</span> <span class='ocrx_word' id='word_1_267' title='bbox 599 3904 690 3967; x_wconf 87' lang='lat' dir='ltr'>facile</span> <span class='ocrx_word' id='word_1_268' title='bbox 709 3910 851 3967; x_wconf 86' lang='lat' dir='ltr'>recentes</span> <span class='ocrx_word' id='word_1_269' title='bbox 870 3908 965 3984; x_wconf 92' lang='lat' dir='ltr'>atque</span> <span class='ocrx_word' id='word_1_270' title='bbox 983 3903 1125 3986; x_wconf 82' lang='lat' dir='ltr'>integros</span> <span class='ocrx_word' id='word_1_271' title='bbox 1143 3902 1239 3966; x_wconf 88' lang='lat' dir='ltr'>susti-</span> 
     </span>
    </p>
   </div>
   <div class='ocr_carea' id='block_1_4' title="bbox 0 0 1377 4424">
    <p class='ocr_par' dir='ltr' id='par_1_4' title="bbox 0 0 1377 4424">
     <span class='ocr_line' id='line_1_36' title="bbox 0 0 1377 4424; baseline 0 0"><span class='ocrx_word' id='word_1_272' title='bbox 0 0 1377 4424; x_wconf 95' lang='lat' dir='ltr'> </span> 
     </span>
    </p>
   </div>
  </div>
 </body>
</html>
