2738 4424
452 295 558 350 neue
575 294 622 351 vr
641 293 716 350 cm.
736 272 856 348 ae-ao.
1121 272 1183 336 123

128 461 251 520 rectum
269 456 327 537 his,
342 475 424 538 quae
439 457 533 521 nobis
548 461 623 519 note
641 459 725 538 sunt,
740 453 897 517 cornibus.
921 451 960 515 ab
977 450 1045 515 eius
1060 468 1212 515 summor

128 563 212 626 sicut
224 561 348 645 palmae
363 564 506 643 ramique
521 563 582 626 late
599 560 827 624 diffunduntur.
859 558 969 622 eadem
986 559 1034 620 est
1046 555 1212 621 femineea

129 669 288 751 marisque
315 671 439 751 natura,
472 667 582 732 eadem
608 667 709 731 forma
739 663 989 748 magnitudoque
1020 679 1185 725 cornuum

64 848 67 857 ,
130 772 212 838 Sunt
234 773 322 855 item,
347 792 428 856 quae
451 772 647 857 appellantur
669 771 760 836 alcea
804 769 918 833 harum
944 773 992 833 est
1014 764 1186 831 consimilis
1203 779 1239 835 2⁷

131 880 233 963 capris
255 877 357 963 figura
380 883 412 943 et
433 877 570 942 varietas
591 877 737 962 pellium,
764 876 821 941 sed
846 873 1065 958 magnitudine
1091 870 1186 955 paulo

130 985 324 1050 antecedunt
344 985 539 1067 mutilaeque
561 989 637 1049 sunt
658 982 807 1048 cornibus
830 985 861 1047 et
883 999 977 1045 crura
1003 978 1073 1043 sine
1094 975 1187 1042 nodia

131 1091 337 1173 articulisque
358 1090 489 1173 habent,
514 1107 621 1172 neque
644 1089 759 1171 quietis
782 1105 878 1151 causa
898 1084 1111 1170 procumbunt
1131 1099 1214 1150 nea

61 1195 63 1202 ’
131 1216 208 1280 que,
235 1197 263 1261 si
291 1215 354 1279 quo
382 1194 527 1260 adflictae
554 1213 632 1259 casu
658 1193 879 1276 conciderunt,
906 1191 1027 1275 erigere
1054 1208 1123 1255 sese
1151 1206 1188 1252 ac
1279 1175 1283 1182 ’

132 1302 298 1367 sublevare
325 1306 466 1386 possunt
516 1300 564 1364 his
592 1305 667 1364 sunt
700 1298 828 1364 arbores
859 1318 915 1383 pro
943 1296 1115 1376 cubilibus;
1148 1294 1215 1361 ada

133 1428 186 1474 ees
209 1428 243 1474 se
266 1407 424 1491 adplicant
439 1412 533 1488 atque
551 1407 597 1470 ita
610 1405 742 1490 paulum
756 1405 851 1470 modo
865 1404 1034 1468 reclinatae
1050 1403 1189 1485 quietem

131 1515 270 1599 capiunt
317 1532 452 1597 quarum
480 1529 522 1575 ex
542 1512 685 1595 vestigiis
712 1530 786 1576 oum
814 1516 862 1601 est
888 1510 1144 1575 animadversum
1170 1525 1218 1572 aa

132 1619 349 1702 venatoribus,
377 1637 440 1700 quo
468 1637 503 1683 sc
529 1619 669 1701 recipere
696 1617 892 1699 consuerint,
919 1634 1029 1680 omnes
1057 1634 1094 1680 eo
1120 1615 1190 1678 loco

132 1730 189 1789 aut
211 1724 250 1788 ab
273 1722 433 1788 radicibus
455 1723 616 1788 subruunt
642 1728 698 1787 aut
725 1722 876 1787 accidunt
902 1720 1043 1803 arbores,
1068 1723 1192 1784 tantum

133 1836 170 1895 ut
191 1848 316 1894 summa
338 1830 460 1912 species
482 1848 592 1894 aarum
615 1827 768 1892 stantium
789 1828 996 1908 relinquatur.
1034 1826 1098 1890 huc
1117 1844 1218 1890 cums

132 1955 167 2000 se
195 1935 424 1999 consuetudine
450 1934 698 2016 reclinaverunt,
729 1932 870 1997 infirmas
897 1932 1025 1997 arbores
1051 1931 1190 2016 pondere

135 2040 291 2124 adfligunt
312 2045 408 2121 atque
430 2059 497 2103 unc
518 2040 603 2123 ipsae
626 2038 809 2103 concidunt
852 2038 993 2103 Tertium
1020 2041 1068 2103 est
1089 2054 1190 2121 genus
1207 2048 1243 2106 28

133 2166 258 2229 eorum,
282 2147 338 2230 qui
360 2145 412 2209 uri
433 2145 638 2230 appellantur.
687 2145 722 2208 hi
748 2149 825 2209 sunt
850 2145 1069 2229 magnitudine
1095 2141 1190 2228 paulo

134 2253 216 2316 infra
238 2253 434 2337 elephantos,
448 2248 560 2335 ¹specie
583 2258 615 2316 et
636 2250 741 2316 colore
764 2255 796 2314 et
817 2248 920 2334 figura
942 2251 1032 2314 tauri.
1075 2267 1218 2333 magnae

135 2362 183 2424 vis
210 2377 321 2423 eorum
348 2363 396 2423 est
423 2363 455 2422 et
480 2376 597 2441 magna
619 2355 782 2438 velocitas,
808 2375 913 2438 neque
940 2356 1061 2420 homini
1086 2373 1192 2436 neque

134 2467 231 2547 ferae,
260 2484 356 2548 quam
383 2467 631 2547 conspexerunt,
654 2467 796 2547 parcunt
842 2462 900 2527 hos
925 2463 1066 2528 studiose
1092 2460 1218 2526 fareiae

134 2577 243 2657 captos
264 2569 467 2636 interficiunt
512 2569 573 2635 hoo
595 2587 629 2633 se
650 2568 757 2634 labore
780 2569 897 2633 durant
914 2569 1132 2634 adulescentes
1146 2571 1192 2632 at

135 2697 199 2760 que
221 2679 282 2741 hoo
304 2694 418 2761 genere
441 2675 621 2740 venationis
643 2679 805 2759 exercent,
833 2680 865 2740 et
892 2675 949 2757 qui
969 2675 1124 2759 plurimos
1150 2693 1193 2740 ex

136 2785 186 2848 bis
208 2783 447 2866 interfecerunt,
468 2781 576 2846 relatis
598 2781 633 2844 in
655 2781 819 2865 publicum
837 2781 1001 2865 cornibus,
1025 2803 1107 2866 quae
1130 2783 1193 2846 sint

138 2888 332 2971 testimonio,
363 2906 510 2972 magnam
541 2887 647 2952 ferunt
673 2886 807 2951 laudem
857 2888 914 2953 scd
941 2888 1127 2953 adsuescere
1153 2887 1220 2950 ade

138 2994 283 3058 homines
305 2996 338 3058 et
358 2991 561 3057 mansuefieri
576 3011 616 3056 ne
631 2993 754 3076 parvuli
770 2993 899 3075 quidem
914 2994 1039 3077 excepti
1053 2998 1193 3077 possunt

138 3098 312 3184 amplitudo
336 3117 492 3163 cornuum
515 3101 546 3162 et
568 3096 671 3182 figura
693 3103 725 3163 et
739 3099 861 3182 species
875 3098 1013 3162 multum
1036 3103 1221 3164 anostro·a

138 3224 211 3268 rum
234 3203 331 3268 boum
354 3203 503 3268 cornibus
526 3203 637 3268 differt
681 3204 760 3267 haec
782 3204 922 3268 studiose
950 3204 1129 3285 conquisita
1155 3204 1221 3271 aba

139 3310 236 3374 labris
259 3314 389 3393 argento
413 3308 669 3373 circumcludunt
690 3313 786 3390 atque
809 3310 844 3371 iu
866 3309 1067 3392 amplissimis
1094 3311 1196 3394 epulis

140 3435 197 3501 pro
220 3415 343 3499 poculis
366 3419 508 3477 utuntur.

232 3520 357 3604 Caesar,
388 3522 557 3603 postquam
590 3537 648 3602 per
673 3517 774 3583 Ubios
805 3518 1018 3602 exploratores
1045 3523 1198 3605 comperit
1214 3536 1250 3593 ne

142 3626 265 3692 Suebos
288 3644 357 3690 sese
380 3626 415 3690 in
437 3624 533 3688 silvas
554 3624 723 3708 recepisse,
746 3626 884 3708 inopiam
901 3626 1053 3690 frumenti
1070 3629 1197 3713 veritus,

143 3733 243 3818 quod,
266 3738 411 3816 utsupra
427 3731 726 3814 demonstravimus,
742 3732 874 3796 minime
889 3732 1033 3797 homines
1049 3733 1199 3799 Germani

143 3839 369 3925 agriculturae
384 3837 524 3921 student,
548 3837 713 3902 constituit
731 3857 796 3902 non
810 3838 956 3922 progredi
970 3838 1111 3924 longius3
1135 3841 1227 3926 seda

145 3965 187 4011 ne
210 3945 338 4010 omnino
361 3949 483 4009 metum
504 3943 627 4008 reditus
649 3943 701 4008 sui
723 3943 864 4008 barbaris
892 3945 1016 4010 tolleret
1042 3951 1138 4028 atque
1166 3951 1202 4012 ut
