2738 4424
460 297 567 354 usus
586 265 619 353 u.
640 298 715 354 cns.
734 298 856 355 ae-ao.
1145 280 1187 345 95
1272 258 1274 262 ⁴

129 461 207 542 isse;
230 461 313 525 hanc
336 461 443 525 adfore
458 460 565 525 biduo.
602 460 745 544 ipsorum
760 479 828 527 esse
844 462 1024 548 consilium,
1046 465 1218 533 velintneo

129 568 231 652 prius,
254 587 351 650 quam
368 566 495 631 finitimi
517 566 669 648 sentiant,
692 565 822 631 eductos
844 586 886 631 ex
907 568 1049 634 hibernis
1070 573 1188 638 milites
1312 653 1313 656 Ἴ

131 677 187 738 aut
217 672 258 738 ad
286 671 472 738 Ciceronem
498 676 554 736 aut
580 672 622 735 ad
647 669 824 736 Labienum
851 673 1020 757 deducere,
1052 695 1188 759 quorum

131 781 211 844 alter
231 779 322 842 milia
342 797 495 863 passuum
517 779 642 841 circiter
663 775 702 862 L,
724 777 805 844 altor
825 780 921 863 paulo
937 781 1072 865 amplius
1094 782 1134 849 ab
1148 784 1188 850 iis

131 886 220 950 absit
257 885 339 949 illud
353 903 387 950 se
409 884 552 968 polliceri
574 888 606 948 et
627 883 698 948 iure
716 883 851 948 iurando
867 885 1068 972 confirmare,
1082 893 1188 955 tutum
1201 902 1231 946 ro

131 1012 166 1058 se
189 993 250 1057 iter
269 1010 328 1076 per
350 1009 424 1055 suos
445 988 527 1056 fines
550 989 707 1054 daturum.
753 991 840 1072 quod
862 1009 936 1056 cum
958 992 1062 1077 faciat,
1089 999 1122 1060 et
1143 996 1227 1060 oi-11

131 1099 224 1164 vitati
250 1116 319 1163 sese
347 1096 527 1179 consulere,
560 1095 646 1178 quod
672 1095 815 1160 hibernis
840 1097 976 1181 levetur,
1004 1104 1036 1164 et
1062 1098 1189 1167 Caesari

130 1225 188 1291 pro
220 1205 289 1270 eius
320 1203 442 1268 meritis
472 1202 608 1287 gratiam
638 1201 762 1268 referre
818 1202 878 1268 hac
910 1205 1051 1270 oratione
1082 1207 1189 1271 habita

131 1312 266 1376 discedit
286 1308 464 1374 Ambiorix.
508 1307 682 1392 Arpineius
704 1312 736 1373 ct
757 1307 883 1391 Iunius,
912 1328 992 1392 quae
1014 1312 1188 1398 audierant,
1204 1315 1245 1372 28

130 1418 312 1502 adlegatos
335 1414 489 1480 deferunt
534 1413 583 1478 illi
604 1415 771 1498 repentina
797 1433 833 1480 re
854 1415 1039 1501 perturbati,
1066 1420 1126 1483 etsi
1147 1420 1187 1485 ab

130 1525 219 1589 hoste
242 1542 280 1588 ea
302 1520 501 1604 dicebantur,
523 1524 629 1586 tamen
652 1538 717 1583 non
739 1521 936 1604 neglegenda
954 1523 1189 1610 existimabant,

129 1631 334 1711 maximeque
356 1628 416 1691 hac
438 1644 473 1691 re
496 1625 775 1710 permovebantur,
803 1627 889 1708 quod
911 1628 1072 1694 civitatem
1098 1631 1188 1714 igno·

130 1736 228 1800 bilem
250 1738 345 1817 atque
372 1731 526 1796 humilem
548 1731 737 1796 Eburonum
764 1751 822 1796 sua
848 1740 961 1817 sponte
986 1735 1103 1819 populo
1126 1735 1188 1801 Ro-

130 1860 224 1905 mano
251 1839 371 1904 bellum
394 1840 499 1904 facere
526 1856 635 1901 ausam
657 1838 714 1901 vix
741 1842 809 1903 erat
834 1839 1037 1904 credendum
1081 1843 1219 1924 laquea

130 1948 171 2013 ad
198 1946 368 2012 consilium
394 1964 462 2011 rem
490 1944 648 2025 deferunt,
679 1963 856 2027 magnaque
887 1946 1053 2012 intereos
1080 1949 1188 2012 existit

130 2054 352 2119 controversia
396 2050 431 2116 L
455 2050 694 2115 Aurunculeius
717 2051 959 2134 compluresque
986 2052 1108 2116 tribuni
1128 2055 1219 2117 mss

128 2161 223 2225 litum
256 2164 288 2225 et
320 2159 496 2243 primorum
532 2157 681 2221 ordinum
716 2159 918 2222 centuriones
952 2158 1033 2222 nihil
1069 2164 1187 2225 temere

129 2266 288 2352 agendum
314 2283 420 2347 neque
451 2283 494 2329 ex
524 2262 665 2327 hibernis
696 2263 821 2327 iniussu
852 2262 992 2329 Caesaris
1024 2264 1188 2330 disceden-

129 2373 205 2438 dum
243 2370 481 2451 existimabant3
521 2369 704 2453 quantasvis
740 2370 846 2452 copias
882 2371 977 2435 etiam
1015 2368 1186 2435 Germano·
1199 2381 1219 2426 4-

128 2499 201 2544 mm
223 2477 373 2543 sustineri
396 2494 489 2561 posse
511 2474 644 2539 munitis
666 2473 809 2539 hibernis
831 2475 999 2558 docebant3
1027 2495 1096 2541 rem
1118 2495 1187 2543 esse

128 2586 322 2669 testimonio,
350 2583 436 2668 quod
458 2583 597 2667 primum
624 2583 763 2646 hostium
789 2583 941 2667 impetum
967 2582 1077 2647 multis
1103 2583 1187 2648 ultro

128 2692 316 2758 vulneribus
343 2690 451 2754 inlatis
477 2689 646 2755 fortissime
673 2689 894 2769 sustinuerint3
921 2706 957 2753 re
982 2689 1214 2755 frumcntaria⁵

128 2818 195 2863 non
216 2798 330 2882 premi3
355 2797 477 2861 interea
499 2799 529 2860 et
551 2813 594 2860 ex
616 2795 770 2878 proximis
792 2794 937 2860 hibernis
960 2800 992 2859 et
1014 2814 1033 2858 a
1055 2793 1188 2860 Caesare

64 2941 66 2945 ·
130 2909 326 2969 conventura
347 2902 501 2984 subsidia3
528 2905 686 2986 postremo
715 2900 882 2983 quidesse
908 2901 1013 2966 levius
1040 2906 1095 2965 ant
1120 2906 1215 2965 tur-⁶

130 3010 202 3093 pius
225 3028 321 3091 quam
343 3011 472 3072 auctore
494 3008 585 3072 hoste
607 3006 648 3072 de
670 3007 802 3071 summis
828 3006 924 3071 rebus
947 3026 1058 3090 capere
1086 3007 1188 3071 consi·

130 3115 232 3179 lium?
277 3113 395 3179 Contra
417 3131 456 3177 ea
476 3113 616 3178 Titurius
638 3131 708 3178 sero
731 3112 870 3177 facturos
894 3112 1087 3196 clamitabat,
1115 3131 1188 3176 cum
1205 3117 1251 3172 29»

130 3221 266 3284 maiores
288 3238 403 3284 manus
425 3219 564 3283 hostium
586 3219 744 3283 adiunctis
768 3216 934 3282 Germanis
956 3218 1188 3302 convenissent,

131 3332 187 3392 aut
217 3345 291 3389 oum
318 3323 440 3407 aliquid
471 3323 656 3388 calamitatis
686 3324 722 3388 in
743 3323 908 3407 [proximis
934 3323 1076 3389 hibernis
1106 3328 1189 3390 esset

131 3436 304 3516 acceptum
339 3430 469 3495 brevem
483 3428 671 3494 consulendi
688 3447 757 3495 esse
780 3429 986 3495 occasionem
1022 3428 1215 3495 Caesaremt

131 3558 166 3604 se
193 3536 341 3602 arbitrari
367 3536 544 3620 profectum
565 3534 601 3598 in
623 3535 764 3617 Italiam,
787 3553 893 3619 neque
921 3535 1012 3601 aliter
1035 3522 1207 3601 Oamutcs'

130 3642 346 3711 interficiundi
368 3641 505 3727 Tasgetii
527 3641 696 3706 consilium
709 3641 807 3707 fuisse
822 3648 969 3726 capturos
983 3661 1088 3727 neque
1102 3642 1189 3707 Ebu·

132 3771 238 3834 renes,
259 3749 288 3815 si
308 3748 364 3813 ille
386 3749 522 3831 adesset,
544 3751 632 3812 tanta
653 3748 887 3833 contemptione
908 3748 1011 3814 nostri
1033 3750 1074 3814 ad
1088 3753 1190 3815 casua

132 3863 292 3925 venturos
337 3873 407 3920 sese
428 3872 493 3920 non
514 3853 638 3918 hostem
659 3857 835 3939 auctorem,
857 3853 914 3920 ssd
939 3872 1009 3920 rem
1034 3859 1188 3940 spectaret
1201 3870 1224 3917 a

133 3963 264 4031 subesse
289 3960 452 4044 Rhenum3
479 3978 596 4046 magno
623 3977 692 4028 esse
715 3959 881 4027 Germanis
906 3960 1010 4029 dolori
1033 3942 1294 4151 ΛΜΗ]
