2738 4424
185 243 249 307 200
579 259 683 314 BELH
702 258 842 314 alnum

184 420 248 502 nis,
285 420 340 502 qui
372 419 471 483 nullis
505 420 656 484 adversus
687 419 845 484 Romanos
879 419 999 483 auxilia
1031 417 1239 502 denegabant,

158 525 340 608 aprincipes
359 543 468 589 eorum
485 527 575 591 vivos
592 527 707 608 redigit
723 527 759 589 in
777 545 868 590 suam
885 528 1071 610 potestatem
1089 529 1185 607 atque
1203 524 1238 587 in

184 630 234 694 bis
257 629 374 695 Surum
394 630 577 716 Haeduum,
600 633 656 715 qui
678 637 710 697 et
731 633 858 696 virtutis
881 637 913 697 et
934 632 1059 716 generis
1082 650 1238 695 summam

183 737 379 801 nobilitatem
406 737 541 802 habebat
567 738 717 820 solusque
744 757 784 802 ex
810 737 954 802 Haeduis
986 737 1026 801 ad
1053 738 1086 801 id
1113 741 1237 820 tempus

183 849 398 927 permanserat
418 844 454 906 111
477 845 579 907 armis.

128 971 166 1026 46
271 948 319 1012 Ea
340 968 375 1013 re
398 949 524 1032 cognita
539 948 664 1032 Caesar,
687 969 760 1014 oum
781 951 817 1013 in
836 949 983 1014 omnibus
1005 948 1145 1033 partibus
1163 947 1237 1012 Gal-

184 1055 245 1119 liae
278 1055 359 1120 bene
392 1074 442 1119 res
475 1061 579 1138 gestas
612 1057 733 1119 videret
766 1056 986 1139 iudicaretque
1020 1053 1236 1139 superioribus

184 1161 311 1226 aestivis
335 1160 469 1223 Galliam
491 1161 647 1225 devictam
674 1161 898 1244 subactamque
921 1180 1004 1245 esse,
1031 1161 1237 1243 Aquitaniam

183 1287 357 1351 numquam
384 1268 450 1350 ipse
477 1266 605 1351 adisset,
632 1268 688 1331 sed
713 1287 771 1350 per
797 1267 832 1331 P.
856 1267 1004 1332 Crassum
1032 1267 1168 1350 quadam
1196 1285 1237 1330 ex

182 1378 270 1456 parte
296 1373 475 1456 devicisset,
502 1393 575 1436 cum
603 1373 727 1436 duabus
752 1372 930 1456 legionibus
956 1374 992 1436 in
1020 1392 1089 1437 eam
1115 1377 1238 1456 partem

184 1478 305 1542 Galliae
324 1482 372 1541 est
388 1479 559 1561 profectae,
581 1484 618 1543 ut
635 1478 680 1541 ibi
699 1484 877 1544 exuemum
894 1483 1019 1562 tempus
1037 1483 1237 1542 consumeret

156 1584 380 1655 questivorum.
427 1602 523 1665 quam
544 1603 613 1648 rem
635 1585 730 1649 sicuti
752 1589 855 1648 cetera
877 1584 1021 1649 celeriter
1041 1584 1238 1664 feliciterque

183 1688 330 1770 confecit3
362 1709 502 1771 namque
533 1709 642 1754 omnes
668 1689 859 1772 Aquitaniae
886 1690 1029 1755 civitates
1054 1689 1174 1772 legatos
1197 1690 1238 1753 ad

155 1793 346 1868 3000001011
370 1797 525 1861 miserunt
543 1796 732 1877 obsidesque
755 1797 784 1860 ei
803 1797 964 1861 dederunt
1006 1795 1124 1878 quibus
1141 1795 1237 1860 rebus

183 1903 279 1986 gestis
296 1903 364 1986 ipse
383 1922 455 1966 cum
472 1903 628 1986 praesidio
647 1903 790 1985 equitum
804 1902 986 1967 Narbonem
1003 1901 1163 1985 profectus
1181 1907 1238 1986 est,

154 2009 354 2081 resarcitum
382 2028 437 2092 per
463 2008 582 2092 legatos
608 2009 643 2071 111
669 2009 802 2072 hiberna
829 2009 974 2072 deduxit:
1007 2007 1074 2071 IIH
1095 2007 1238 2091 legiones

104 2136 108 2143 ’
182 2115 215 2177 111
238 2114 349 2198 Belgio
373 2115 549 2178 conlocavit
576 2134 650 2178 cum
676 2113 718 2178 M.
741 2115 881 2178 Antonio
909 2118 941 2177 et
968 2110 1000 2175 (l.
1022 2112 1179 2178 Trebonio
1207 2119 1238 2178 et

181 2220 217 2284 P.
229 2221 360 2284 Vatinio
383 2226 415 2285 et
437 2217 593 2296 01111110
615 2220 740 2304 legatis,
763 2221 842 2284 duas
863 2220 1005 2303 legiones
1027 2219 1062 2283 in
1084 2218 1238 2284 Haeduos

182 2326 328 2410 deduxit,
352 2346 487 2410 quorum
509 2327 545 2390 in
568 2328 655 2391 omni
681 2327 784 2390 Gallia
806 2345 961 2389 summam
984 2344 1052 2390 esse
1067 2326 1237 2389 auctorita-

181 2437 245 2496 tem
268 2432 399 2516 sciebat‚
427 2434 505 2496 duas
531 2433 566 2495 in
588 2433 721 2495 Turonis
748 2433 787 2495 ad
814 2431 895 2496 fines
920 2430 1095 2496 Carnutum
1122 2432 1237 2516 posuit,

182 2557 263 2619 quae
287 2557 412 2602 omnem
434 2539 521 2601 illam
543 2539 706 2622 regionem
729 2539 930 2601 coniunctam
946 2536 1071 2604 Oceano
1095 2539 1237 2602 contine·

181 2646 265 2726 rent,
293 2643 370 2706 duas
392 2643 531 2726 reliquas
559 2644 592 2706 in
614 2643 819 2708 Lemovicum
844 2642 962 2706 finibus
990 2662 1056 2708 11011
1078 2643 1172 2727 longe
1195 2643 1236 2708 ab

181 2748 349 2831 Arvernis,
381 2767 421 2811 ne
449 2768 511 2831 qua
536 2768 610 2832 pars
633 2748 753 2812 Galliae
780 2767 881 2811 vacua
907 2749 946 2813 ab
974 2751 1117 2815 exercitu
1144 2754 1235 2815 esset.

154 2880 168 2924 s
182 2855 249 2938 lpse
263 2872 380 2938 paucos
395 2852 512 2916 diesin
525 2853 691 2936 provincia
704 2858 859 2938 moratus,
879 2874 953 2918 cum
967 2856 1111 2919 celeriter
1126 2874 1235 2919 omnes

182 2964 356 3024 conventus
370 2961 628 3043 percucurrisset‚
651 2958 794 3042 publicas
813 2961 1042 3024 controversias
1061 2965 1235 3045 cognosset,

154 3066 262 3135 abone
277 3067 397 3131 meritis
409 3067 549 3150 praemia
563 3065 732 3149 tribuisset
749 3101 790 3110 -
805 3066 1017 3148 cognoscendi
1032 3067 1115 3128 enim
1133 3068 1234 3130 maxi·

180 3191 265 3234 mam
286 3172 466 3235 facultatem
487 3170 635 3252 habebat,
664 3171 751 3253 quali
774 3171 911 3253 quisque
938 3170 1050 3235 fuisset
1071 3172 1176 3236 animo
1199 3173 1234 3236 in

180 3278 276 3341 totius
292 3276 411 3340 Galliae
432 3276 621 3359 defectione,
644 3296 740 3359 quam
758 3277 952 3341 sustinuerat
968 3275 1118 3341 fidelitate
1139 3281 1234 3361 atque

180 3383 307 3446 auxiliis
321 3382 504 3465 provinciae
519 3382 618 3465 illius,
635 3420 677 3429 -
696 3383 746 3447 his
761 3383 911 3447 confectis
926 3382 1022 3446 rebus
1037 3383 1077 3445 ad
1091 3382 1234 3467 legiones

179 3488 214 3551 in
236 3488 383 3570 Belgium
406 3507 440 3552 se
462 3489 582 3572 recepit
603 3489 843 3571 hibernavitque
865 3487 1128 3553 Nemetocennae.

126 3611 160 3667 47
267 3594 317 3659 Ibi
336 3595 497 3678 cognoscit
517 3593 694 3657 Commium
708 3593 892 3658 Atrebatem
915 3595 1034 3679 proelio
1053 3614 1126 3658 cum
1146 3597 1234 3679 equi-

154 3704 248 3768 atatu
262 3719 319 3762 suo
335 3698 543 3763 contendisse.
579 3717 655 3762 nam
670 3718 743 3762 cum
757 3701 919 3764 Antonius
933 3702 967 3764 in
983 3701 1116 3766 hiberna
1130 3701 1234 3766 venis-

180 3809 228 3869 set
249 3806 423 3887 civitasque
445 3803 646 3867 Atrebatium
672 3805 706 3866 111
730 3805 833 3870 officio
855 3813 950 3888 esset,
978 3805 1150 3888 Commius,
1178 3805 1234 3886 qui

179 3915 251 3994 post
263 3911 351 3972 illam
366 3910 631 3992 vulnerationem,
655 3928 749 3990 quam
765 3929 860 3994 supra
875 3913 1130 3997 commemoravi,
1153 3930 1235 3976 sem-
