2738 4424
490 237 599 294 uena
619 239 640 294 0
666 239 743 295 oar.
761 238 846 308 a-e.
1175 225 1194 287 3

138 397 237 462 filiam
268 418 358 464 suam
389 401 424 464 in
455 401 692 465 matrimonium
723 400 784 466 dat
836 399 985 485 perfacile
1016 400 1101 466 factu
1127 419 1222 470 essee

138 504 203 570 illis
232 505 345 590 probat
376 511 488 570 conata
517 505 682 592 perticere,
712 511 878 591 propteroa
909 505 995 590 quod
1025 506 1094 590 ipse
1120 523 1196 571 suae

139 611 274 675 civitatis
305 612 475 696 imperium
507 611 693 677 obtenturus
724 616 819 678 esset:
856 630 922 678 non
953 630 1021 678 esse
1053 611 1222 696 dubiumr

140 717 217 798 quin
249 719 345 782 totius
373 717 494 782 Galliae
524 718 698 801 plurimum
725 717 866 783 Helvetii
896 721 1037 803 possent3
1069 736 1104 782 00
1130 718 1197 782 suis

139 823 237 906 copiis
269 841 390 905 suoque
421 825 564 888 exercitu
593 824 658 889 illis
684 843 783 909 regna
809 823 1052 889 conciliaturum
1083 821 1196 888 confir-

138 933 210 991 mat.
248 929 307 992 hac
325 930 465 993 oratione
483 929 611 993 adducti
628 931 713 995 inter
731 948 765 995 se
785 929 880 995 fidem
899 934 931 995 et
952 931 1003 994 ius
1025 929 1222 1000 iuranduma

139 1033 215 1098 dant
237 1039 269 1099 et
289 1053 388 1119 regno
411 1038 563 1118 occupato
590 1052 648 1118 per
673 1039 736 1100 tres
763 1035 997 1119 potentissimos
1024 1054 1061 1099 ac
1082 1033 1196 1099 firmis·

138 1141 235 1205 simos
267 1141 400 1225 populos
432 1142 530 1205 totius
563 1140 683 1205 Galliae
714 1160 783 1207 0000
813 1143 908 1226 potiri
938 1159 1030 1226 posse
1061 1144 1196 1225 sperant

137 1245 186 1309 Ea
215 1265 267 1312 res
299 1251 347 1312 est
372 1245 530 1312 Helvetiis
561 1265 619 1331 per
649 1247 803 1312 indicium
834 1244 1005 1312 enuntiata
1053 1245 1231 1313 moribnst

138 1352 206 1416 suis
234 1350 449 1437 Orgetorigem
481 1369 523 1416 ex
554 1353 690 1418 vinculis
721 1371 848 1417 causam
879 1351 984 1418 dicere
1012 1355 1194 1436 coegerim,

139 1458 322 1522 damnatum
351 1477 486 1543 poenam
513 1459 604 1540 sequi
632 1458 807 1543 oportebat,
838 1463 875 1523 ut
900 1458 969 1543 igni
996 1461 1195 1524 cremaretur.

139 1564 190 1629 die
213 1566 384 1629 constituta
402 1583 515 1628 causae
537 1563 684 1629 dictionis
701 1564 869 1648 Orgetorix
891 1563 932 1629 ad
952 1564 1108 1628 iudicium
1130 1581 1223 1635 omo

42 1760 44 1762 V
138 1689 212 1734 nom
239 1689 330 1734 suam
351 1670 516 1753 familiam,
545 1669 586 1736 ad
607 1671 772 1745 hominnm
794 1670 883 1734 milia
905 1671 1028 1754 decem,
1054 1668 1196 1752 undique

139 1776 241 1860 coegit
282 1781 314 1841 et
351 1793 460 1841 omnes
497 1776 628 1841 clientes
667 1775 910 1859 obaeratosque·
931 1794 1019 1859 suos,
1061 1794 1196 1858 quorum

138 1901 290 1966 magnum
325 1901 495 1947 numerum
525 1881 672 1967 habebat,
709 1883 820 1947 eodem
852 1883 1018 1964 conduxit3
1050 1901 1107 1966 per
1134 1900 1196 1959 eoa,

137 2006 180 2052 ne
203 2007 331 2052 oausam
354 1989 485 2073 diceret,
517 2006 552 2053 se
575 1989 697 2072 eripuit.
741 2008 815 2053 cum
838 1988 948 2052 civitas
971 1988 1011 2053 ob
1035 2006 1221 2059 0011110111

137 2094 267 2158 incitata
294 2095 389 2157 armis
415 2095 467 2158 ius
493 2113 588 2158 suum
615 2094 734 2176 exequi
757 2098 924 2158 conaretur
945 2094 1195 2158 multitudinem-

139 2218 202 2282 que
232 2200 398 2263 hominum
430 2218 471 2265 ex
498 2200 583 2284 agris
608 2201 808 2284 magistratus
835 2203 994 2285 cogerent,
1027 2197 1196 2283 Orgetorix

138 2310 283 2370 mortuus
309 2311 369 2385 est;
397 2324 502 2389 neque
528 2306 616 2371 abest
638 2307 788 2389 suspicio,
813 2310 851 2370 ut
876 2305 1017 2370 Helvetii
1044 2305 1222 2376 arbitron-4

139 2417 202 2497 tur,
226 2413 304 2495 quin
324 2413 392 2496 ipse
414 2412 476 2477 sibi
496 2417 630 2477 mortem
654 2412 849 2477 consciverit

227 2518 303 2582 Post
323 2520 391 2592 eius
405 2523 539 2582 mortem
553 2519 655 2582 nihilo
669 2519 777 2583 minus
791 2518 932 2583 Helvetii
949 2518 996 2602 id,
1020 2517 1106 2601 quod
1121 2536 1195 2583 eon·
1212 2526 1231 2584 5

140 2626 319 2706 stituerant,
341 2625 444 2689 faeere
459 2629 628 2708 conantur,
650 2629 688 2689 ut
710 2643 728 2689 0
749 2623 867 2689 finibus
890 2625 956 2690 suis
979 2628 1102 2690 exeant
1139 2623 1222 2694 ubis

139 2733 203 2794 iam
230 2748 265 2795 00
291 2730 332 2794 ad
359 2750 429 2795 eam
454 2749 524 2795 rem
548 2734 674 2814 paratos
701 2749 770 2796 esse
796 2730 939 2794 arbitrati
965 2734 1052 2813 sunt,
1080 2730 1196 2814 oppida

140 2856 198 2901 sua
226 2838 344 2919 omnia,
370 2855 502 2918 numero
531 2837 571 2900 ad
599 2837 780 2921 duodecim,
806 2838 894 2901 vicos
921 2837 961 2901 ad
984 2836 1196 2921 quadringen-

140 2948 202 3026 tos,
224 2943 348 3025 reliqua
369 2943 492 3026 privata
510 2935 652 3006 aedificia
669 2943 858 3025 incendunt,
880 2942 1076 3006 frumentum
1094 2960 1222 3024 omnes

140 3053 263 3132 praeter
305 3049 391 3130 quod
433 3067 542 3113 secum
577 3049 733 3132 portaturi
772 3052 873 3133 erant,
916 3047 1118 3132 comburunt,
1160 3051 1197 3111 ut

142 3155 272 3218 domum
298 3153 464 3218 reditionis
490 3172 545 3238 spe
572 3154 697 3218 sublata
721 3155 894 3238 paratiores
921 3153 961 3217 ad
989 3154 1094 3217 omnia
1115 3154 1197 3237 0011·

142 3260 214 3324 cula
251 3258 418 3323 subeunda
455 3264 572 3343 essent,
611 3261 707 3324 trium
745 3261 903 3324 mensium
940 3260 1050 3323 molita
1080 3258 1197 3323 cibaria

143 3366 202 3430 sibi
235 3383 395 3447 quemque
427 3366 519 3429 domo
553 3365 662 3430 efferre
692 3366 812 3430 iubent.
860 3365 1052 3450 persuadent
1077 3364 1224 3435 Boura-a

143 3474 188 3536 010
220 3475 252 3536 01
280 3470 422 3554 Tulingis
456 3475 488 3535 et
517 3470 695 3555 Latobrigis
727 3470 884 3556 finitimis,
921 3472 969 3535 uti
1003 3471 1114 3536 eodem
1147 3472 1198 3536 usi

144 3578 275 3643 consilio
308 3577 431 3660 oppidis
458 3577 524 3641 suis
550 3578 694 3660 vicisque
722 3579 844 3642 exustis
870 3597 936 3641 una
962 3596 1035 3640 cum
1060 3578 1100 3641 iis
1126 3597 1198 3662 pro·

143 3684 336 3765 ficiscuntur,
367 3682 540 3767 Boiosque,
573 3683 628 3766 qui
659 3687 746 3748 trans
773 3683 921 3749 Rhenum
946 3682 1142 3748 incoluerant
1169 3687 1199 3747 et

144 3791 178 3854 in
204 3809 316 3872 agrum
341 3789 494 3853 Noricum
521 3789 710 3853 transierant
733 3790 946 3873 Noreiamque
974 3794 1199 3874 oppugnarent,

143 3903 287 3979 receptos
324 3895 364 3959 ad
397 3913 431 3959 00
465 3895 566 3960 000100
598 3895 659 3960 sibi
693 3896 879 3961 adsciscunt
935 3897 1035 3961 Erant
1071 3896 1234 3960 omninoe

1007 4000 1042 4054 1*
