2738 4424
440 284 547 341 LIBER
564 286 639 342 VIII.
659 285 735 343 CAP.
751 286 873 342 18-22.
1123 269 1184 334 189

128 447 231 532 potuit
262 447 391 531 adduci,
424 449 502 531 quin
532 447 701 512 fortissime
731 446 913 533 proeliando
945 446 1187 531 compluresque

129 551 327 617 vulnerando
355 558 480 637 cogeret
511 554 609 618 elatos
636 553 801 617 iracundia
827 554 961 617 victores
992 552 1027 616 in
1058 570 1093 616 se
1125 551 1186 615 tela

129 658 261 724 coicere.
1095 700 1097 704 ι

218 764 285 828 Tali
310 764 406 829 modo
437 783 472 829 re
503 770 590 849 gesta
621 765 800 831 recentibus
827 764 941 849 proelii
966 763 1110 847 vestigiis
1135 763 1186 825 in·
1202 772 1240 829 nu

128 889 258 955 gressus
285 869 410 953 Caesar,
442 890 515 935 oum
541 871 642 935 victos
668 876 755 935 tanta
785 870 961 935 calamitate
992 869 1186 934 existtmaret

129 977 234 1041 hostes
260 977 373 1040 nuntio
400 980 528 1061 accepto
559 976 665 1040 locum
693 981 868 1041 castrorum
894 975 1073 1058 relicturae,
1104 993 1186 1057 quae

129 1101 195 1146 non
217 1082 345 1166 longius
367 1082 406 1146 ab
429 1101 466 1146 ea
488 1081 584 1147 caede
607 1082 716 1147 abesse
738 1083 811 1167 plns
832 1083 940 1146 minus
961 1081 1043 1145 VIII
1057 1081 1186 1146 milibus

129 1187 324 1274 dIcebantnr,
346 1189 471 1253 tametsi
493 1186 626 1252 flumine
648 1188 835 1272 impeditum
858 1187 1026 1252 transitum
1048 1185 1185 1271 videbat,

128 1298 235 1358 tamen
266 1296 408 1359 exercItn
439 1293 581 1359 traducto
612 1293 820 1378 progreditur.
865 1298 898 1357 at
923 1293 1086 1358 Bellovaci
1112 1292 1213 1363 reli-o

129 1419 276 1485 quaeque
299 1402 441 1466 civitates
467 1406 596 1484 repente
623 1419 664 1465 er
690 1401 767 1484 fuga
793 1400 902 1484 paucis
929 1405 1024 1484 atque
1046 1399 1095 1464 his
1117 1399 1186 1463 vul·

128 1508 247 1572 neratis
268 1509 417 1591 receptis,
440 1506 496 1590 qui
518 1506 669 1570 silvarum
688 1506 842 1571 beneficio
859 1525 968 1571 casum
984 1508 1186 1592 evitaverunt,

129 1611 277 1676 omnibus
304 1612 456 1694 adversis,
484 1611 621 1696 [cognita
647 1611 843 1697 calamitate]
871 1613 1033 1678 interiecto
1062 1611 1185 1697 Correo,

128 1717 245 1782 amisso
273 1719 415 1800 equitatu
447 1722 479 1783 et
504 1717 681 1782 fortissimis
708 1717 880 1802 peditibus,
913 1737 987 1782 cum
1014 1718 1185 1784 adventare

128 1821 288 1887 Romanos
320 1824 547 1906 existimarent,
581 1824 717 1888 concilio
748 1827 876 1907 repente
908 1829 1004 1888 cantu
1035 1823 1184 1887 tubarum

128 1933 302 1992 convocato
324 1929 533 2012 conclamant,
552 1928 647 2012 legati
667 1928 856 2011 obsidesque
874 1928 914 1992 ad
931 1927 1097 1994 Caesarem
1114 1929 1183 1992 mit-

128 2036 246 2098 tantur.
290 2033 362 2098 Hoo
384 2034 531 2098 omnibus
553 2033 683 2118 probato
711 2035 843 2098 consilio
867 2032 1027 2098 Commius
1048 2034 1184 2099 Atrebas
1201 2053 1239 2109 21,

129 2138 170 2203 ad
193 2158 247 2205 eos
270 2141 410 2224 confugit
425 2139 610 2222 Gennanos,
633 2139 785 2223 aquibus
808 2140 848 2205 ad
869 2139 903 2203 id
923 2140 1043 2204 bellum
1063 2140 1185 2204 auxilia

129 2249 292 2310 mutuatus
315 2250 389 2312 erat.
427 2246 523 2310 ceteri
546 2246 717 2330 evestigio
740 2247 869 2310 mittunt
891 2244 931 2309 ad
952 2245 1118 2310 Gaesarem
1140 2245 1211 2316 le-2

129 2356 219 2437 gatos
234 2357 421 2437 petuntque,
443 2356 480 2416 ut
497 2371 536 2417 ea
552 2371 655 2436 poena
672 2353 713 2416 sit
730 2356 898 2416 contentus
912 2353 1065 2436 hostium,
1088 2371 1184 2435 quam

129 2461 158 2524 si
180 2460 249 2525 sine
277 2458 480 2523 dimicatione
506 2459 621 2523 inferro
648 2458 782 2542 integris
807 2463 927 2542 posset,
953 2477 1010 2542 pro
1037 2477 1097 2522 sua
1123 2458 1184 2522 cle

130 2567 249 2631 mentia
270 2570 365 2649 atque
386 2565 583 2630 humanitate
605 2582 780 2647 numquam
804 2563 942 2648 profecto
965 2568 1048 2628 esset
1069 2564 1185 2628 inlatu-

130 2692 194 2736 rus.
240 2671 381 2736 adilictas
408 2690 483 2755 opes
515 2670 655 2754 equestri
685 2670 806 2754 proelio
832 2669 1073 2735 Bellovacorum
1101 2690 1211 2753 essem

131 2778 325 2842 delectorum
351 2777 495 2861 peditum
521 2777 621 2842 multa
646 2777 736 2840 milia
761 2776 922 2860 interisse,
948 2776 1007 2840 rix
1030 2778 1183 2861 refugisse

131 2885 262 2948 nuntios
284 2883 396 2947 caedis.
441 2902 593 2966 magnum
619 2888 738 2966 tamen,
764 2887 801 2948 ut
827 2883 863 2947 in
885 2887 973 2948 tanta
998 2882 1211 2964 calamitates

131 2989 318 3054 Bellovacos
344 3007 382 3053 eo
408 2989 527 3073 proelio
554 2989 756 3053 commodum
783 3007 852 3053 esse
873 2993 1072 3071 consecutos,
1100 2987 1185 3070 quod

133 3094 282 3177 Correus,
304 3097 413 3156 auctor
433 3093 522 3176 belli,
545 3095 717 3158 concitator
738 3093 965 3177 multitudiuis,
988 3097 1071 3157 esset
1089 3093 1185 3156 inter·

131 3202 241 3266 fectus.
285 3218 459 3282 numquam
487 3199 572 3262 enim
599 3204 742 3263 senatum
768 3204 889 3262 tantum
917 3199 950 3262 in
977 3199 1103 3263 civitate
1129 3199 1184 3263 illo

132 3308 220 3391 vivo,
245 3309 400 3388 quantum
424 3305 602 3389 imperitam
624 3304 749 3389 plebem
766 3305 913 3388 potuisse.
958 3304 1047 3369 Haec
1070 3306 1186 3369 oranti·
1202 3323 1243 3379 ῃ

132 3411 194 3477 bns
212 3412 324 3496 legatis
345 3414 568 3474 commemorat
579 3409 708 3475 Caesar:
732 3410 844 3474 eodem
862 3415 1002 3493 tempore
1024 3412 1186 3495 superiore

131 3537 217 3584 anno
250 3518 436 3582 Bellovacos
469 3519 650 3598 ceterasque
685 3515 803 3580 Galbae
836 3516 978 3581 civitates
1011 3518 1186 3600 suscepisse

132 3625 265 3704 bellum3
293 3621 541 3707 pertinacissime
562 3622 619 3685 hos
646 3639 688 3685 ex
710 3622 857 3685 omnibus
883 3622 918 3685 in
940 3624 1096 3687 sententia
1117 3642 1186 3706 per·

132 3731 286 3796 mansisse
312 3747 417 3812 neque
445 3727 485 3790 ad
511 3727 677 3792 sanitatem
708 3727 904 3811 reliquorum
932 3728 1091 3794 deditione
1118 3747 1186 3794 esse

131 3838 308 3922 perductos.
353 3833 434 3900 scire
457 3838 552 3917 atque
573 3833 757 3918 intellegere
784 3851 818 3898 se
845 3852 972 3897 causam
998 3836 1119 3919 peccati
1142 3836 1213 3903 far

130 3944 250 4009 oilfime
276 3940 410 4006 mortuis
436 3938 582 4024 delegari.
626 3939 787 4005 neminem
809 3957 884 4004 vero
911 3943 1034 4005 tantum
1060 3942 1187 4027 pollere,
