2738 4424
468 249 575 304 omne
591 250 640 306 m.
661 249 736 305 ore.
755 250 842 307 2-e.
1139 237 1180 301 51

128 411 256 492 quidem
280 410 348 476 eius
370 411 445 494 looi,
467 411 523 476 ubi
545 413 738 494 constiterat,
760 412 962 496 relinquendi
979 432 1017 477 ac
1031 413 1082 478 sui
1102 413 1182 478 reoi-

127 517 235 599 piendi
256 517 387 581 facultas
411 517 551 581 dabatur.
597 517 678 582 (lum
699 519 763 581 iam
785 518 919 602 amplius
933 519 1019 582 horis
1036 537 1094 583 sex
1109 533 1217 589 con-o

128 623 265 686 tinenter
286 629 481 706 pugnaretur
507 641 544 686 ac
570 642 637 688 non
663 624 767 687 solum
789 623 887 707 rues,
914 625 971 688 sed
998 625 1092 689 etiam
1119 625 1182 689 tola

127 733 253 793 nostros
275 727 447 794 deficerent
468 733 563 813 atque
578 728 684 794 hostes
704 730 808 794 acrius
829 731 985 794 instarent
1004 730 1182 814 languidio-

127 835 279 918 ribusque
300 835 417 900 nostris
438 835 558 899 vellum
580 835 725 900 scindere
752 841 784 901 et
804 835 904 901 fossas
931 837 1089 920 complere
1111 855 1182 902 coe·

127 942 248 1024 pissent
273 961 388 1024 resque
415 947 497 1007 esset
522 943 586 1005 iam
612 942 653 1005 ad
680 946 859 1007 extremum
884 943 1037 1027 perducta
1063 961 1204 1027 casum,

127 1047 162 1112 P.
195 1047 323 1112 Sextius
349 1047 502 1132 Baculus,
532 1048 627 1132 primi
657 1048 713 1132 pili
750 1049 907 1131 centurio,
940 1066 1036 1132 quem
1066 1049 1208 1123 Nervi-2

128 1173 165 1218 co
196 1153 316 1237 proelio
352 1153 565 1237 compluribus
602 1153 780 1218 confectum
811 1153 997 1220 vulneribus
1033 1154 1181 1238 diximus,

127 1265 159 1324 et
182 1260 259 1324 item
282 1258 314 1325 Ο.
336 1260 532 1340 Volusenus,
562 1259 710 1323 tribunus
735 1259 885 1343 militum,
916 1260 965 1324 vir
996 1265 1028 1325 et
1058 1260 1181 1324 consilii

126 1367 234 1450 magni
257 1370 288 1430 et
309 1366 448 1450 virtutis,
471 1365 511 1429 ad
529 1365 661 1430 Galbam
684 1370 853 1430 accurrunt
874 1371 969 1448 atque
992 1385 1090 1430 unam
1112 1384 1181 1432 esse

126 1491 215 1555 spem
241 1472 352 1536 salutis
379 1471 506 1554 docent,
532 1472 559 1536 si
587 1472 751 1555 eruptione
776 1473 859 1536 facta
885 1478 1064 1537 extremum
1091 1472 1181 1536 auxi·

125 1578 204 1641 lium
228 1578 455 1661 experirentur.
499 1578 606 1661 itaque
634 1579 814 1643 convocetis
839 1578 1078 1643 centurionibus
1101 1579 1221 1653 cele-3

125 1685 202 1747 riter
223 1684 339 1748 milites
363 1685 511 1748 certiores
533 1683 620 1767 facit,
647 1684 806 1768 paulisper
827 1685 1072 1749 intermitterent
1092 1703 1181 1767 proe-

125 1790 205 1853 lium
220 1808 257 1852 ac
278 1790 496 1854 tantummodo
518 1790 582 1855 tela
595 1791 692 1854 missa
707 1791 890 1873 exciperent
904 1809 1002 1873 seque
1017 1809 1059 1855 ex
1073 1789 1180 1856 labore

125 1894 303 1979 reficerent,
329 1899 400 1979 post
427 1896 498 1960 dato
527 1897 617 1979 signo
646 1914 688 1960 ex
710 1897 820 1960 castris
845 1900 1059 1980 erumperent,
1085 1901 1180 1980 atque

125 2019 251 2065 omnem
273 2020 362 2085 spem
384 2002 494 2066 salutis
511 2003 546 2065 in
560 2003 677 2066 virtute
694 2006 855 2085 ponerent
894 2000 986 2078 Quod
1005 2002 1084 2066 iussi
1097 2008 1216 2085 sunta

124 2107 257 2189 faciunt,
284 2125 320 2170 ao
346 2107 451 2172 subito
479 2107 626 2173 omnibns
653 2109 752 2190 portis
779 2108 945 2191 eruptione
972 2107 1055 2172 facta
1075 2126 1181 2188 neque

125 2213 349 2297 cognoscendi,
381 2213 459 2296 quid
489 2212 591 2296 fieret,
622 2231 727 2295 neque
758 2213 810 2276 sui
840 2213 1011 2297 colligendi
1037 2213 1180 2278 hostibus

123 2320 304 2384 facultatem
325 2319 518 2400 relinquunt
563 2319 609 2382 ita
623 2323 815 2382 commutata
835 2319 962 2383 fortuna
985 2337 1051 2402 eos,
1074 2320 1129 2403 qui
1144 2321 1206 2390 ina

123 2445 211 2510 spem
237 2426 461 2510 potiundorum
490 2428 665 2489 castrorum
687 2431 853 2509 venerant,
880 2425 1023 2508 undique
1045 2426 1180 2491 circum·

123 2537 235 2597 ventos
280 2530 477 2596 interficiunt
518 2535 550 2596 et
591 2549 633 2596 ex
669 2531 835 2595 hominum
876 2530 1004 2596 milibus
1046 2532 1179 2617 amplius

122 2638 237 2720 XXX,
260 2655 355 2720 quem
377 2656 547 2702 numerum
561 2636 767 2701 barbarorum
790 2637 831 2701 ad
849 2642 952 2702 cestra
966 2639 1089 2703 venisse
1105 2657 1179 2703 oon-

123 2744 238 2828 stabat,
264 2745 336 2828 plus
363 2745 454 2808 tortio
476 2748 564 2826 parte
590 2744 754 2808 interfecta
779 2744 919 2828 reliquos
940 2746 1121 2828 perterritos
1144 2745 1179 2809 in

123 2852 230 2935 fugam
253 2850 393 2914 coiciunt
420 2869 456 2914 ac
483 2867 525 2914 ne
550 2850 585 2913 in
611 2850 689 2914 locis
713 2850 840 2933 quidem
868 2850 1082 2934 superioribus
1104 2871 1179 2916 con-

124 2958 234 3021 sistere
264 2956 434 3040 patiuntur.
479 2957 525 3019 sio
557 2955 704 3020 omnibus
735 2955 873 3018 hostium
899 2956 998 3038 copiis
1023 2955 1103 3021 fusis
1131 2977 1205 3026 atr-a

124 3064 247 3144 misque
274 3062 379 3125 exutis
406 3078 441 3125 se
467 3062 551 3126 intra
577 3061 770 3125 munitiones
801 3080 875 3125 suas
905 3062 1069 3144 recipiunt
1115 3081 1178 3145 quo

124 3167 243 3252 proelio
279 3167 374 3251 facto,
411 3167 497 3251 quod
533 3168 657 3250 saepius
694 3167 853 3231 fortunam
891 3172 1043 3250 temptare
1080 3167 1205 3237 Galbae

124 3274 253 3339 nolebat
271 3275 369 3356 'atque
392 3272 453 3337 alio
476 3292 510 3338 se
532 3274 568 3337 in
586 3274 720 3338 hiberna
735 3275 866 3339 oonsilio
881 3275 1006 3338 venisse
1027 3276 1179 3339 memine-

124 3386 186 3466 rat,
209 3380 279 3444 nliis
302 3380 476 3444 occurrisse
498 3379 594 3444 rebus
612 3380 746 3464 viderat,
769 3381 908 3444 maxime
930 3381 1080 3445 immenti
1095 3401 1179 3446 com-

124 3491 310 3569 meatusque
332 3485 441 3568 inopia
462 3489 623 3568 permotus
645 3491 769 3568 postero
790 3486 841 3551 die
857 3486 1004 3550 omnibus
1026 3487 1095 3551 eius
1117 3487 1179 3552 vioi

125 3591 276 3658 aedificiis
297 3591 437 3656 incensis
458 3591 493 3654 in
515 3591 711 3674 provinciam
730 3593 846 3656 reverti
862 3593 1025 3656 contendit
1039 3613 1075 3657 oc
1090 3593 1205 3661 nullos

124 3702 214 3766 hoste
244 3696 429 3782 prohibente
465 3701 520 3760 aut
555 3697 615 3761 iter
647 3697 828 3762 demorante
854 3699 1047 3762 incolumem
1081 3700 1180 3784 legio·

124 3825 198 3870 nem
220 3806 255 3868 in
268 3804 452 3887 Nantuates,
474 3802 549 3868 inde
572 3803 606 3866 in
621 3803 809 3888 Allobroges
824 3805 975 3893 perduxit
989 3803 1099 3888 ibique
1114 3806 1180 3870 hie-

124 3912 231 3978 mavit

987 4015 1023 4069 41
