2738 4424
187 270 251 335 194
581 285 686 341 BllLLI
703 286 844 342 eanum

187 446 318 531 bitabat,
350 446 427 529 quin
453 447 575 512 recenti
601 447 776 513 calamitate
803 448 1035 513 summissiores
1062 451 1169 512 essent
1193 447 1244 511 fu·

187 557 290 636 turae,
328 552 400 617 dato
434 572 509 617 vero
545 554 645 637 spatio
681 573 718 618 ac
752 558 891 638 tempore
926 555 1038 620 eodem
1071 553 1243 637 instigante

161 655 352 727 eDumnaco
379 664 508 744 possent
534 660 693 724 concitari.
739 679 802 742 qua
828 661 863 723 in
893 679 927 726 re
959 679 1084 724 summa
1109 659 1242 723 felicitas

187 765 394 848 celeritasque
415 767 449 828 in
466 766 657 849 recipiendis
679 765 861 830 civitatibus
875 765 1009 830 Fabium
1028 765 1241 847 consequitur.

186 889 262 934 nam
285 869 450 954 Carnutes,
474 872 531 954 qui
552 891 644 955 saepe
667 872 774 936 vexati
795 873 972 953 numquam
994 873 1081 955 pacis
1102 872 1242 935 fecerant

160 977 392 1061 amentionem,
420 977 501 1041 datis
524 976 687 1041 obsidibus
708 979 844 1042 veniunt
868 978 903 1040 in
926 977 1130 1059 deditionem,
1158 981 1241 1040 cete-

187 1101 305 1165 raeque
328 1083 470 1147 civitates
491 1084 611 1167 positae
633 1083 669 1147 111
685 1083 806 1147 ultimis
823 1082 943 1148 Galbae
960 1082 1092 1167 finibus,
1115 1080 1241 1148 Oceano

188 1189 388 1271 coniunctae,
416 1207 496 1271 quae
518 1190 722 1254 Aremoricae
744 1189 953 1273 appellantur,
981 1189 1164 1254 auctoritate
1186 1189 1242 1252 ad-
1331 1213 1333 1217 ·

188 1295 301 1360 ductae
332 1293 507 1358 Carnutum
539 1295 678 1359 adventu
709 1293 800 1358 Fabii
831 1295 1059 1378 legionumque
1090 1295 1243 1378 imperata

161 1401 258 1469 asine
284 1419 373 1464 mora
397 1400 526 1464 faciunt
570 1399 755 1464 Dumnacus
781 1402 848 1465 suis
874 1400 992 1464 finibus
1019 1401 1171 1485 expulsus
1193 1418 1243 1464 er-

187 1525 263 1570 rans
288 1505 479 1588 latitansque
509 1505 597 1569 solus
628 1511 786 1571 extremas
815 1506 935 1570 Galliae
965 1507 1111 1591 regiones
1137 1510 1242 1590 petere

188 1615 237 1676 est
258 1615 393 1676 coactus.

133 1731 172 1790 aa
276 1716 321 1781 At
346 1717 487 1801 Drappes
513 1737 642 1801 unaque
668 1717 848 1801 Lucterius,
880 1737 953 1782 cum
980 1718 1123 1802 legiones
1151 1717 1245 1782 Oani-

188 1822 344 1906 niumque
371 1822 480 1888 adesse
507 1829 734 1908 cognoscerent
759 1843 819 1888 nec
842 1843 876 1889 se
899 1824 968 1888 sine
990 1828 1078 1888 certa
1103 1825 1245 1909 pernicie

187 1933 399 2015 persequente
435 1931 578 1994 exercitu
612 1935 759 2014 putarent
793 1930 973 2014 provinciae
1008 1929 1090 1994 fines
1125 1931 1245 1994 intrare

187 2055 280 2120 posse
301 2054 361 2100 nec
384 2037 450 2099 iam
470 2036 570 2100 libere
593 2035 730 2120 vagandi
755 2035 1058 2117 latrociniorumque
1084 2036 1245 2100 faciendo-

187 2162 260 2206 rum
286 2142 467 2206 facultatem
493 2141 657 2224 haberent,
682 2143 718 2205 in
739 2140 858 2205 finibus
885 2141 1063 2205 consistamt
1085 2140 1245 2206 Cadurco-

161 2268 268 2312 arum.
309 2248 358 2312 ibi
381 2268 455 2312 eum
478 2246 643 2312 Lucterius
667 2247 751 2330 apud
774 2266 849 2311 suos
870 2247 956 2311 cives
976 2247 1138 2329 quondam
1162 2247 1245 2312 inte-

187 2355 253 2437 gris
278 2353 374 2418 rebus
399 2354 536 2418 multum
563 2354 716 2437 potuisset
741 2371 928 2436 semperque
955 2357 1065 2416 auctor
1085 2371 1245 2417 novorum

188 2459 392 2523 consiliorum
413 2479 560 2543 magnam
583 2460 667 2543 apud
688 2459 839 2523 barbaros
862 2460 1082 2524 auctoritatem
1104 2457 1243 2542 haberet,

189 2564 339 2648 oppidum
354 2564 606 2648 Uxellodunum,
625 2565 711 2648 quod
725 2566 760 2628 in
775 2565 922 2629 clientela
936 2565 1039 2629 fuerat
1053 2565 1133 2647 eius,
1154 2583 1244 2648 egre·

189 2670 239 2752 gie
260 2673 375 2733 natura
395 2670 458 2733 loci
478 2671 651 2754 munitum,
675 2675 807 2754 occupat
824 2671 891 2735 suis
909 2675 940 2735 11
958 2668 1126 2754 Drappetis
1144 2671 1244 2754 copiis

135 2774 425 2858 &oppidanosque
451 2776 513 2839 sibi
535 2777 708 2863 coniungit.
753 2774 823 2851 Quo
846 2796 921 2842 cum
944 2777 1110 2841 confestim
1134 2773 1165 2839 0.
1185 2775 1244 2840 Ga·

188 2881 297 2947 ninius
327 2882 467 2946 venisset
499 2882 826 2964 animadverteretque
858 2901 968 2946 omncs
1000 2882 1107 2966 oppidi
1137 2886 1242 2967 partes

188 2988 451 3073 praeruptissimis
473 2989 558 3052 saxis
581 3007 650 3052 esse
672 2989 823 3069 munitas,
851 3007 914 3069 quo
942 2988 1129 3053 defendente
1151 2988 1242 3053 nullo

189 3098 296 3160 tamen
318 3094 447 3159 armatis
465 3094 634 3160 ascendere
653 3099 736 3158 esset
754 3093 894 3178 difficile,
917 3113 1031 3178 magna
1054 3098 1160 3158 autem
1182 3094 1242 3156 im·

189 3201 371 3285 pedimenta
391 3201 620 3284 oppidanorum
637 3199 771 3282 videret,
795 3219 875 3282 quae
898 3199 926 3264 si
949 3199 1145 3263 clandestina
1166 3199 1243 3282 fuga

190 3292 375 3372 subtrahere
397 3311 601 3390 conarentur,
624 3305 761 3389 effugere
781 3324 846 3369 non
863 3305 957 3370 modo
976 3305 1164 3387 equitatum,
1186 3305 1242 3369 sed

189 3432 231 3478 ne
253 3413 393 3496 legiones
420 3412 549 3495 quidem
575 3415 715 3495 possent,
741 3411 895 3493 tripertito
922 3409 1103 3474 cohortibus
1131 3410 1243 3474 divisis

163 3519 272 3582 atrine
299 3518 514 3582 excelsissimo
544 3518 614 3581 loco
646 3523 748 3581 castra
773 3517 859 3597 fecit3
893 3536 912 3579 a
939 3516 1055 3598 quibus
1081 3516 1243 3601 paulatim,

191 3628 344 3707 quantum
367 3625 474 3706 copiae
496 3623 708 3706 patiebantur,
734 3622 855 3685 vallum
880 3624 915 3684 in
938 3622 1045 3706 oppidi
1072 3622 1243 3686 circuitum

135 3741 172 3798 et
190 3731 306 3796 ducere
327 3730 471 3793 instituit
509 3727 601 3802 Quod
620 3748 694 3791 cum
714 3728 1000 3792 animadverterent
1014 3728 1165 3812 oppidani
1183 3728 1243 3790 mi-

190 3838 383 3920 serrimaque
398 3834 525 3898 Alesiae
539 3835 693 3898 memoria
711 3834 837 3898 solliciti
856 3833 994 3896 similem
1012 3853 1122 3898 casum
1137 3833 1243 3898 obses-

191 3943 289 4007 sionis
311 3944 496 4008 vererentur
517 3940 721 4020 maximeque
748 3957 790 4003 ex
812 3939 961 4003 omnibus
982 3937 1160 4024 Lucterius,
1188 3939 1244 4021 qui
