2738 4424
175 231 217 296 86
571 252 835 308 emereamur

175 408 314 474 adventu
341 417 373 477 et
397 412 505 478 Remis
536 434 611 479 eum
642 435 697 498 spe
729 414 921 480 defensionis
949 413 1091 479 studium
1113 429 1231 497 propu-

174 516 293 598 gnandi
315 521 447 584 accessit
468 524 501 585 et
522 519 665 585 hostibus
688 521 798 585 eadem
818 520 857 586 de
873 538 968 584 eausa
990 537 1061 603 spes
1083 515 1231 601 potiundi

147 622 281 704 roppidi
308 623 459 690 discessit
504 626 612 707 itaque
639 626 799 710 paulisper
826 625 909 710 apud
937 624 1088 708 oppidum
1115 622 1230 687 morati

175 745 328 813 agrosque
359 730 531 796 Remorum
564 732 745 816 depopulati
777 731 924 796 omnibus
951 731 1030 795 vicis
1063 728 1230 795 aedificiis·

175 852 249 917 que,
274 855 336 919 quo
360 836 447 901 adiro
461 842 642 920 potuerant,
664 838 805 902 incensis
825 837 865 901 ad
880 843 982 901 castra
998 835 1139 900 Caesaris
1163 853 1229 899 om-

173 939 268 1005 nibus
299 943 398 1026 copiis
426 943 655 1007 contenderunt
686 947 717 1008 et
743 963 762 1006 a
788 943 917 1008 milibus
944 962 1095 1026 passuum
1121 943 1229 1005 minus

147 1071 159 1111 r
173 1044 297 1116 duobus
319 1052 421 1112 castra
442 1054 630 1132 posuerunt3
655 1067 736 1131 quae
752 1056 861 1130 castra,
884 1052 920 1112 ut
934 1048 1020 1112 fumo
1037 1052 1132 1130 atque
1147 1046 1229 1131 igni-

172 1151 232 1216 bus
254 1152 503 1238 signifioabatur,
526 1155 661 1238 amplius
683 1155 813 1220 milibus
832 1174 983 1239 passuum
997 1153 1079 1218 vm
1100 1154 1136 1216 in
1158 1153 1228 1216 lati-

137 1275 155 1329 s
172 1257 314 1322 tudinem
336 1260 492 1342 patebant
539 1259 653 1324 Caesar
674 1262 776 1344 primo
800 1266 832 1325 et
847 1267 976 1345 propter
989 1259 1227 1324 multitudinem

170 1362 310 1427 hostium
337 1370 369 1430 et
394 1371 521 1449 propter
553 1367 704 1432 eximiam
735 1368 917 1451 opinionem
947 1367 1075 1430 virtutis
1106 1365 1225 1449 proelio

145 1471 374 1552 asupersedere
407 1472 530 1553 statuit,
568 1473 682 1537 cotidie
719 1479 825 1538 1011101
856 1472 1056 1556 equestribus
1088 1471 1226 1556 proeliis,

171 1575 249 1658 quid
271 1576 370 1641 hostis
387 1578 504 1643 uirtute
521 1585 627 1662 posset
650 1579 778 1662 etquid
798 1581 897 1644 nostri
913 1579 1077 1661 auderent,
1100 1577 1225 1661 pericli-

143 1681 301 1749 atabatur.
346 1682 403 1747 ubi
428 1690 552 1749 nostros
579 1704 644 1749 non
672 1704 740 1750 esse
767 1685 931 1749 inferiores
957 1685 1127 1766 intellexit,
1154 1683 1224 1747 loeo

169 1807 224 1870 pro
248 1791 357 1854 castris
380 1790 420 1853 ad
442 1791 543 1855 aciem
568 1791 787 1856 instruendam
809 1796 923 1854 natura
951 1795 1105 1874 oportuno
1129 1796 1223 1873 atque

167 1894 295 1977 idoneo,
319 1895 404 1979 quod
426 1897 454 1961 is
477 1897 578 1980 collis,
602 1897 657 1961 ubi
680 1903 782 1961 castra
803 1899 1030 1981 posito-erant,
1057 1895 1224 1979 paululum

167 2019 209 2064 ex
230 2001 359 2086 planitie
375 2002 478 2068 editus
500 2009 623 2067 tantum
638 2003 789 2069 adversus
811 2005 846 2066 in
868 2003 1068 2067 latitudinem
1089 2002 1222 2085 patebat,

168 2112 321 2190 quantum
343 2109 405 2172 loci
432 2109 516 2174 acies
543 2109 698 2174 instructa
725 2128 879 2194 occupare
901 2112 1035 2192 poterat,
1063 2111 1158 2191 atque
1182 2125 1223 2170 01

144 2245 145 2248 ¹
167 2219 300 2298 utraque
321 2219 409 2298 parte
432 2215 540 2279 lateris
564 2215 704 2281 deiectus
717 2215 853 2279 habebat
875 2221 907 2280 et
927 2215 962 2278 in
985 2215 1087 2278 fronte
1109 2213 1222 2276 leniter

165 2318 329 2401 fastigatus
350 2321 503 2404 paulatim
527 2321 566 2385 ad
581 2321 743 2405 planitiem
758 2321 894 2405 redibat,
918 2320 957 2385 ab
973 2325 1109 2401 utroque
1124 2320 1220 2384 latere

167 2426 234 2489 eius
261 2425 351 2490 collis
377 2431 587 2491 transversam
614 2427 731 2491 fossam
758 2427 893 2491 obduxit
920 2428 1044 2491 circiter
1070 2445 1220 2509 passuum
1246 2459 1249 2464 ·

139 2528 266 2596 10000
302 2536 334 2596 01
365 2532 404 2594 ad
436 2537 594 2597 extremas
624 2534 724 2597 fossas
756 2533 884 2598 castella
916 2532 1079 2597 constituit
1110 2531 1219 2612 ibique

165 2639 318 2700 tormenta
340 2638 528 2722 conlocavit,
560 2658 614 2721 ne,
637 2657 710 2702 cum
733 2640 833 2703 aciem
858 2640 1073 2722 instruxisset,
1104 2637 1218 2722 hostes,

165 2742 249 2823 quod
271 2747 392 2806 tantum
415 2744 619 2809 multitudine
645 2751 803 2828 poteraut,
830 2745 868 2810 ab
896 2745 1048 2810 lateribus
1074 2762 1218 2828 pugnan-

137 2853 210 2915 ates
237 2867 310 2913 suos
338 2850 567 2914 circumvenire
593 2857 727 2935 possent
773 2853 834 2916 hoo
860 2851 942 2916 10010
971 2850 1093 2915 duabus
1121 2851 1218 2933 legio-

143 2955 268 3038 nibus,
297 2973 375 3036 quas
396 2957 541 3038 proxime
564 2959 804 3042 conscripserat,
831 2959 865 3022 in
889 2958 997 3022 castris
1019 2957 1149 3039 relictis,
1173 2960 1217 3040 ut,

163 3062 190 3125 si
222 3079 284 3143 quo
317 3080 395 3144 opus
427 3067 521 3145 esset,
558 3062 698 3127 subsidio
731 3063 804 3128 duci
836 3069 975 3147 possent,
1008 3064 1146 3145 reliquas
1169 3062 1218 3126 VI

162 3167 301 3251 legiones
323 3187 379 3251 pro
403 3169 513 3233 0101110
539 3170 574 3233 in
601 3169 668 3233 0010
695 3171 864 3234 constituit
910 3170 1015 3234 hostes
1042 3171 1119 3234 item
1143 3189 1216 3234 suas

126 3275 265 3355 eoopias
293 3293 334 3338 ex
361 3276 471 3340 eastris
499 3275 627 3340 eductas
654 3277 883 3340 instruxerunt
934 3276 1030 3340 Palus
1058 3282 1125 3338 erat
1150 3295 1216 3339 non

161 3399 275 3462 magna
296 3380 380 3445 inter
401 3386 547 3445 nostrum
574 3386 670 3465 atque
692 3382 831 3447 hostium
854 3384 1038 3447 exercitum.
1084 3382 1166 3444 hanc
1189 3383 1216 3445 si

161 3486 259 3548 nostri
281 3487 463 3571 transirent,
485 3488 590 3553 hostes
613 3489 834 3573 expectabant3
859 3489 957 3552 nostri
980 3493 1099 3569 autem,
1126 3488 1154 3550 si
1176 3487 1215 3551 ab

160 3589 225 3653 illis
246 3591 373 3655 initium
396 3595 580 3657 transeundi
602 3593 703 3676 fieret,
725 3601 762 3658 ut
780 3594 945 3678 impeditos
961 3593 1216 3677 adgrederentur,

134 3697 259 3778 aparati
281 3698 316 3760 in
339 3699 434 3762 armis
457 3705 554 3764 erant
599 3701 727 3766 interim
742 3700 862 3784 proelio
883 3701 1022 3784 equestri
1037 3701 1120 3762 inter
1135 3698 1214 3762 duas

160 3802 243 3865 acies
275 3804 530 3869 contendebatur.
576 3805 632 3870 ubi
662 3808 769 3871 neutri
801 3806 986 3870 transeundi
1017 3805 1143 3867 initium
1170 3804 1215 3866 fa

160 3907 261 3992 ciunt,
284 3911 471 3974 secundiore
494 3912 638 3994 equitum
660 3913 779 3997 proelio
808 3913 924 3976 nostris
947 3911 1062 3975 (110011
1083 3928 1158 3973 suos
1180 3910 1214 3971 in
