2738 4424
467 291 574 346 LIBER
591 291 613 347 1.
633 290 708 346 csP.
727 291 848 347 49-63.
1142 277 1182 340 31

126 455 173 520 sis
193 451 344 518 manibus
366 451 479 518 flentes
501 451 724 538 implorabant,
745 470 787 518 ne
809 470 843 517 se
865 452 900 516 in
919 453 1104 518 servitutem
1123 452 1185 519 Ro-

126 559 233 625 manis
254 558 423 624 traderent
471 558 584 624 Caesar
611 557 745 642 singulis
772 557 951 642 legionibus
978 557 1120 642 singulos
1141 558 1186 623 le-
1202 564 1239 621 11

127 670 220 751 gatos
241 669 275 731 et
296 669 495 747 quaestorem
513 663 674 749 praefecit,
697 664 745 728 uti
767 681 821 728 eos
839 668 934 729 testes
955 682 1032 729 suaa
1050 665 1186 748 quisque

128 770 259 837 virtutis
279 769 422 852 haberet3
449 771 561 855 ipssa
588 769 699 835 dextro
722 788 834 853 cornu,
862 770 948 854 quod
974 788 1045 835 eam
1066 774 1213 854 partema

128 877 263 943 minime
294 874 420 941 firmam
451 875 591 940 hostium
620 893 688 941 esse
720 874 994 959 animadverterat,
1030 873 1187 960 proelium

130 982 297 1047 commisit
329 985 361 1048 et
372 982 418 1045 ita
429 981 530 1046 nostri
543 981 657 1046 acriter
673 981 708 1044 in
721 981 826 1046 hostes
844 982 934 1065 signo
949 980 1022 1045 dato
1035 983 1215 1064 impetuma

131 1088 286 1173 lecerunt,
312 1088 421 1171 itaque
443 1086 549 1152 hostes
571 1092 699 1172 repente
722 1087 928 1171 celeriterque
954 1091 1187 1171 procurrerrmt,

131 1199 170 1259 ut
191 1194 328 1278 spatium
342 1192 408 1277 pila
429 1193 464 1256 in
488 1193 594 1258 hostes
616 1192 772 1258 coiciendi
792 1212 858 1257 non
881 1193 1016 1258 daretur.
1060 1193 1216 1265 reiectis4

131 1299 208 1385 pilis
230 1299 408 1363 comminus
430 1299 543 1383 gladiis
564 1302 740 1383 pugnatum
767 1304 823 1364 est
873 1303 905 1363 at
931 1299 1082 1364 Germani
1108 1298 1189 1364 cele-

132 1407 212 1472 riter
233 1424 276 1471 ex
297 1405 527 1470 consuetudine
550 1423 608 1470 sua
629 1405 786 1490 phalange
807 1405 890 1470 faeta
911 1406 1047 1489 impetus
1069 1404 1189 1491 gladio·

132 1531 208 1577 rum
234 1516 436 1596 exceperunt
484 1511 601 1594 reperti
627 1517 703 1575 sunt
729 1511 906 1596 complures
933 1513 1045 1596 nostri,
1073 1512 1130 1595 qui
1155 1513 1216 1582 ins

133 1617 292 1703 phalanga
318 1617 477 1681 insilirent
498 1621 530 1681 et
561 1622 650 1681 scuta
678 1617 825 1681 manibus
857 1618 1047 1684 revellerent
1078 1623 1110 1684 et
1137 1619 1190 1683 de·

135 1742 232 1809 super
257 1723 469 1788 vulnerarent
519 1742 593 1787 cum
617 1723 757 1787 hostium
781 1724 863 1788 acies
891 1744 909 1787 a
935 1725 1062 1789 sinistro
1090 1744 1217 1795 cornua

135 1829 228 1914 pulsa
250 1833 344 1912 atque
362 1828 398 1891 in
414 1829 521 1912 fugam
539 1829 682 1894 coniecta
699 1832 794 1911 esset,
816 1848 835 1892 1
853 1829 964 1894 dextro
983 1849 1083 1893 cornu
1097 1832 1190 1895 vehe-

136 1941 260 2001 menter
280 1933 485 1999 multitudine
503 1953 633 1998 suorum
655 1939 794 1998 nostram
812 1936 912 1999 eciem
929 1936 1121 2019 premebant
1157 1937 1217 2007 idi

137 2061 211 2107 cum
246 2040 517 2105 animadvertisset
547 2040 583 2104 P.
615 2037 745 2103 Crassus
780 2040 979 2124 adulescens,
1016 2042 1072 2124 qui
1104 2043 1191 2124 equi-

138 2147 218 2212 tatui
243 2150 399 2230 praeerat,
432 2145 517 2228 quod
544 2145 721 2229 expeditior
747 2150 814 2209 erat
838 2165 931 2227 quam
959 2148 994 2230 ii,
1027 2148 1083 2228 qui
1109 2148 1192 2212 inter

137 2254 239 2319 aciem
272 2251 492 2335 versabantur,
530 2253 653 2315 tertiam
688 2252 788 2316 aciem
826 2250 1043 2317 laborantibus
1076 2255 1191 2319 nostris

138 2358 280 2425 subsidio
303 2357 396 2421 misit
432 2357 482 2421 Ita
502 2358 658 2441 proelium
680 2357 859 2422 restitutum
883 2362 941 2441 est,
966 2363 1060 2442 atque
1083 2377 1245 2434 1111111113

137 2466 243 2530 hostes
283 2468 371 2548 terga
407 2466 571 2528 verterunt
610 2481 670 2527 nec
711 2464 799 2548 prius
841 2464 950 2548 fugere
997 2465 1192 2552 destiterrmt,

140 2590 236 2656 quam
259 2569 299 2633 ad
320 2569 441 2634 flumen
462 2568 610 2633 Rbenum
631 2569 719 2633 milia
741 2589 892 2653 passuum
917 2589 958 2635 ex
981 2591 1017 2636 eo
1040 2572 1110 2637 loco
1133 2575 1193 2639 cir-

139 2678 219 2743 citer
250 2675 281 2737 V
314 2679 536 2758 pervenerunt
581 2674 628 2738 ibi
654 2677 803 2760 perpauci
842 2681 898 2740 aut
928 2679 1049 2742 viribus
1083 2680 1220 2748 confisis

140 2788 266 2847 tranare
295 2781 525 2845 contendenmt
551 2785 605 2845 aut
633 2781 781 2845 lintribus
805 2783 945 2847 inventis
972 2784 1032 2848 sibi
1061 2786 1194 2850 salutem

140 2892 354 2972 reppererunt
398 2886 433 2948 in
447 2886 496 2949 his
510 2885 571 2951 fuit
584 2887 776 2971 Ariovistus,
800 2890 856 2972 qui
877 2891 1057 2955 naviculam
1080 2892 1222 2976 deligas

143 2999 208 3059 tam
230 2993 270 3057 ad
292 2992 393 3075 ripam
414 2996 526 3055 nactus
552 3011 589 3056 ea
611 2993 761 3078 profugit,
790 2994 930 3077 reliquos
955 3015 1064 3061 omnes
1086 3018 1196 3062 conse-

143 3099 210 3166 cuti
237 3099 359 3183 equites
383 3099 482 3162 nostri
506 3099 742 3163 interfecerunt
790 3099 873 3164 duae
896 3100 1027 3165 fuerunt
1044 3103 1223 3171 Ariovistia

144 3224 274 3286 uxoreS,
298 3223 363 3268 una
385 3202 490 3268 Sueba
510 3205 651 3287 natione,
680 3224 776 3288 quam
802 3205 895 3268 domo
919 3225 1027 3271 seeum
1055 3208 1197 3291 duxerat,

146 3312 244 3377 altera
265 3309 391 3390 Norica,
413 3310 497 3393 regis
511 3309 681 3373 Voccionis
697 3328 797 3392 soror,
821 3330 916 3392 quam
931 3313 966 3374 in
982 3312 1198 3379 (1111111111-

145 3422 195 3482 rat
225 3436 244 3480 a
274 3417 369 3480 fratre
401 3416 542 3479 missam:
575 3420 708 3498 utraque
739 3416 775 3479 in
806 3435 844 3481 ea
874 3416 949 3500 fuga
978 3420 1084 3501 periit3
1118 3421 1199 3486 duae

147 3523 245 3589 filiae:
277 3522 390 3586 harum
422 3521 519 3584 altera
546 3520 661 3603 occisa,
693 3521 791 3585 altera
821 3528 912 3606 capta
943 3529 997 3589 est
1047 3523 1078 3588 O.
1106 3527 1228 3598 Vale-s

148 3631 216 3695 rius
242 3627 412 3709 Procillus,
439 3646 514 3692 cum
540 3645 559 3689 1
586 3627 771 3692 custodibus
790 3628 835 3691 in
862 3628 938 3713 fuga
964 3631 1055 3696 trinis
1081 3635 1200 3700 catenis

149 3736 277 3800 vinctus
307 3733 496 3815 traheretur,
526 3733 562 3796 in
592 3733 698 3816 ipsum
729 3731 893 3800 Gaesarem
924 3736 1028 3802 hostes
1060 3741 1202 3822 equitatu

150 3842 371 3924 insequentem
394 3838 512 3903 incidit
559 3858 640 3922 quae
664 3841 792 3923 quidem
814 3861 865 3906 res
882 3839 1005 3907 Caesari
1021 3863 1088 3909 non
1102 3847 1231 3917 mino-s
1317 3900 1319 3904 1

151 3966 221 4012 rem
248 3964 344 4029 quam
374 3945 442 4028 ipsa
465 3945 598 4009 victoria
620 3946 813 4031 voluptatem
840 3949 955 4033 attufit,
988 3952 1073 4032 quod
1104 3953 1204 4017 homi·
