2738 4424
453 289 559 345 LIBER
575 289 636 346 VH.
656 287 731 345 ΟΑΡ.
751 289 869 346 12-16.
1129 271 1192 336 139

133 470 239 533 arnos3
267 470 373 536 neque
402 453 570 535 interesse,
606 451 734 535 ipsosne
765 449 958 516 interficiant
989 469 1031 514 an
1061 448 1220 534 impedi-e

134 557 250 624 mentis
276 561 411 640 exuant,
444 557 561 642 quibus
589 558 712 622 amissis
741 556 863 622 bellum
889 555 958 640 geri
988 574 1056 620 non
1085 556 1193 640 possit

135 668 297 748 praeterea
319 663 433 748 oppida
455 663 584 728 incendi
603 667 759 747 oportere,
783 682 865 747 quae
880 681 948 726 non
969 662 1148 727 munitione
1162 665 1220 732 etc

135 770 199 835 loci
219 773 334 834 natura
355 769 395 836 ab
419 771 506 833 omni
533 770 596 834 sint
622 769 763 853 periculo
791 773 872 851 tuta,
898 787 939 833 nc
967 768 1034 832 suis
1060 768 1124 832 sint
1154 766 1195 830 ad

137 876 372 942 detrectandam
394 875 541 938 militiam
563 874 762 959 receptacula
783 894 848 940 neu
867 875 1019 939 Romanis
1033 873 1195 958 proposita

137 981 177 1046 ad
209 982 331 1066 copiam
358 985 552 1046 commeatus
583 982 796 1065 praedamque
828 980 1009 1056 tollendam.
1061 980 1140 1045 hacc
1167 979 1234 1050 siro

137 1090 247 1173 gravia
269 1093 325 1153 aut
346 1087 460 1152 acerba
481 1086 662 1170 videantur,
685 1087 785 1151 multo
808 1087 865 1150 illa
886 1088 1014 1171 gravius
1037 1086 1195 1151 aestimari

138 1194 266 1279 debere,
297 1194 427 1278 liberos,
459 1194 611 1277 coniuges
642 1195 678 1259 in
709 1193 896 1258 servitutem
926 1192 1078 1274 abstrahi,
1109 1192 1195 1275 ipsos

138 1300 289 1384 interfici,
313 1319 394 1385 quae
417 1300 459 1364 sit
479 1318 610 1365 necesse
633 1300 776 1364 accidere
800 1299 900 1363 victis.
946 1296 1099 1362 Omnium
1121 1316 1248 1371 oon-15,

137 1426 235 1472 sensu
256 1407 316 1471 hac
338 1406 496 1471 sententia
517 1404 649 1489 probata
675 1425 750 1486 uno
768 1406 820 1471 die
844 1405 980 1489 amplius
1005 1403 1074 1469 XX
1099 1402 1195 1468 urbes

137 1513 320 1598 Biturigum
342 1511 563 1575 incenduntur.
608 1512 668 1576 hoo
690 1511 777 1576 idem
802 1511 839 1576 fit
864 1512 899 1575 in
926 1511 1058 1594 reliquis
1086 1510 1195 1574 civita·

138 1619 231 1683 tibus.
275 1619 311 1682 iu
333 1617 481 1682 omnibus
503 1617 644 1702 partibus
667 1618 815 1682 incendia
838 1618 1088 1701 conspiciuntur,
1113 1634 1222 1700 quaea

138 1725 198 1789 etsi
220 1743 336 1808 magno
364 1743 439 1789 cum
462 1723 570 1789 dolore
593 1742 703 1788 omnes
729 1723 884 1808 ferebant,
915 1729 1022 1788 tamen
1047 1723 1108 1787 hoo
1134 1721 1197 1787 sibi

138 1830 248 1895 solacii
270 1830 501 1914 proponebant,
525 1830 611 1913 quod
633 1849 668 1895 se
689 1849 786 1915 prope
810 1830 971 1914 explorata
992 1829 1125 1893 victoria
1146 1846 1196 1892 oe-

137 1936 245 2001 leriter
271 1937 386 2001 amissa
411 1941 653 2020 recuperaturos
679 1935 888 2000 confidebant
938 1935 1130 2000 deliberatur
1156 1934 1222 2004 dec

138 2042 275 2106 Avarico
298 2042 334 2107 in
357 2043 518 2106 communi
541 2042 690 2124 concilio,
713 2042 843 2106 incendi
865 2042 988 2125 placeat
1004 2039 1195 2105 andelandi

137 2148 353 2233 procumbunt
375 2148 524 2212 omnibus
547 2147 646 2213 Gallis
674 2147 714 2212 ad
736 2148 832 2231 pedes
858 2147 1032 2231 Bituriges,
1056 2165 1099 2211 ne
1124 2146 1222 2231 pul-e

138 2255 327 2319 cherrimam
348 2272 446 2339 prope
469 2254 565 2318 totius
589 2253 709 2318 Galliae
732 2252 858 2336 urbem,
882 2271 963 2335 quae
985 2257 1018 2317 ct
1038 2251 1195 2336 pracsidio

137 2369 170 2426 et
192 2365 375 2425 ornamento
399 2361 441 2424 sit
463 2360 597 2444 civitati,
619 2361 686 2424 suis
708 2358 856 2424 manibus
876 2357 1067 2424 succendere
1081 2377 1196 2442 cogan-

136 2473 203 2548 tur3
225 2467 318 2532 facile
341 2484 376 2531 sc
398 2466 461 2530 loci
482 2471 595 2530 natura
622 2466 807 2531 defensuros
834 2465 958 2547 dicum,
985 2465 1072 2548 quod
1097 2482 1221 2548 propes

137 2592 180 2638 ox
203 2572 351 2637 omnibus
372 2572 515 2657 partibus
538 2571 670 2636 flumine
692 2576 725 2636 et
745 2570 862 2657 palude
877 2570 1071 2636 circumdata
1092 2589 1195 2635 unum

138 2678 252 2743 babeat
278 2683 310 2744 ct
331 2682 558 2763 perangustum
587 2678 715 2742 aditum.
767 2676 860 2742 dabir
886 2677 1067 2762 petentibus
1093 2677 1221 2760 reniae

139 2783 341 2849 dissuadente
362 2785 464 2868 primo
479 2784 754 2868 Vercingetorige,
775 2788 847 2868 post
861 2783 1056 2848 concedente
1077 2787 1109 2848 et
1125 2800 1196 2868 pre·

139 2889 230 2954 cibus
257 2890 400 2974 ipsorum
427 2894 460 2956 et
484 2890 702 2955 misericordia
724 2889 821 2974 vulgi
872 2889 1052 2954 defensores
1079 2887 1195 2973 oppido

139 2995 247 3060 idonei
270 2995 460 3078 deliguntur.
504 2996 747 3080 Vercingetorix
765 2994 943 3060 minoribus
958 2993 1123 3060 Caesarem
1144 2995 1196 3058 iti·
1213 3014 1248 3070 lo

139 3099 271 3165 neribus
293 3100 498 3184 subsequitur
520 3103 678 3168 stlocum
701 3103 811 3166 castris
827 3102 937 3186 deligit
950 3100 1121 3184 paludibus
1143 3099 1197 3164 sil·

140 3207 255 3290 risque
277 3207 450 3289 murrinam,
473 3207 511 3270 ab
535 3208 672 3271 Avarico
699 3207 793 3292 longe
819 3206 908 3270 milia
933 3225 1085 3289 passuum
1107 3205 1197 3270 XVI.

139 3313 185 3377 ibi
208 3330 266 3396 per
287 3317 388 3377 certos
411 3312 626 3396 exploratores
646 3313 683 3378 in
705 3313 831 3396 singula
854 3312 917 3377 diei
938 3317 1092 3395 tempora,
1115 3330 1223 3394 quaer

138 3418 181 3484 ad
198 3419 372 3483 Avaricum
389 3422 589 3502 gererentur,
611 3418 822 3502 cognoscebat
840 3423 884 3501 at,
908 3418 986 3502 quid
1002 3418 1073 3482 fieri
1094 3417 1197 3501 vellet,

139 3523 321 3609 imperabat
367 3541 477 3588 omncs
498 3527 623 3589 nostras
637 3522 858 3608 pabulationes
871 3524 1224 3606 frumentationesquoa

139 3628 329 3695 observabat
352 3629 585 3714 dispersosque,
607 3649 681 3694 cum
702 3630 832 3713 longius
854 3630 1032 3695 necessario
1049 3630 1198 3715 procede·

140 3740 225 3820 rent,
257 3734 459 3801 adoriebatur
484 3754 665 3820 magnoque
691 3734 894 3801 incommodo
922 3735 1099 3820 adficiebat,
1131 3735 1201 3838 etsi,

139 3845 296 3926 quantum
317 3842 439 3907 ratione
465 3842 627 3926 provideri
647 3845 782 3927 poterat,
809 3841 988 3907 abnostris
1015 3841 1200 3907 occmrcba·

139 3952 207 4030 tur,
233 3952 270 4012 ut
290 3948 420 4013 incertis
447 3947 641 4032 temporibus
669 3948 868 4031 diversisque
894 3948 1065 4014 itineribus
1091 3947 1200 4014 irctrru
