2738 4424
318 289 325 301 .
449 251 555 307 LIBER
572 252 646 308 VIIL
665 251 741 308 clP.
757 251 858 308 9-14
1121 235 1183 299 185

129 412 266 498 cognitis
288 412 478 479 stationibus
493 413 660 479 cotidianis
675 415 820 496 equitum
838 418 1020 478 nostrorum
1034 412 1186 477 silvestri·

130 518 191 583 bus
211 519 290 584 locis
311 519 444 585 insidias
459 519 632 603 disponunt
653 520 827 603 eodemque
849 520 971 602 equites
985 522 1110 603 postero
1133 519 1212 585 dier

129 625 273 710 mittunt,
304 627 360 708 qui
386 627 525 710 primum
555 626 706 690 elicerent
735 629 872 707 nostros,
904 624 1019 689 deinde
1050 623 1184 688 circum-

129 735 241 796 ventos
259 731 512 816 adgrederentur.
549 732 642 796 cuius
659 731 735 796 mali
754 750 822 796 sors
839 730 953 795 incidit
969 729 1092 812 Remis,
1114 730 1211 813 qui-c

129 835 190 901 bus
216 837 271 902 ille
298 837 366 902 dies
396 836 551 921 iungendi
581 838 722 902 muneris
754 837 932 902 obvenerat
977 854 1116 918 namque
1141 835 1185 920 hi,

129 961 204 1007 cum
224 946 353 1028 repente
374 943 513 1007 hostium
535 944 658 1026 equites
680 942 976 1008 animadvertissent
996 961 1033 1006 ac
1050 959 1184 1006 numero

130 1050 308 1134 superiores
329 1050 522 1133 paucitatem
544 1051 818 1134 contempsissent,
840 1048 988 1133 cupidius
1010 1048 1146 1113 insecuti
1165 1069 1184 1113 a

129 1154 291 1239 peditibus
313 1155 456 1239 undique
478 1159 554 1219 sunt
576 1154 769 1220 circumdati
815 1173 878 1238 quo
904 1154 987 1218 facto
1011 1152 1211 1236 perturbatis

129 1261 275 1348 celerius,
308 1281 404 1345 quam
430 1261 626 1327 consuetudo
652 1262 714 1325 fert
740 1263 893 1345 equestris
919 1261 1044 1345 proelii,
1074 1279 1109 1325 se
1135 1278 1184 1324 re-

129 1371 282 1451 ceperunt
299 1369 414 1433 amisso
425 1367 580 1450 Vertisco,
597 1367 740 1451 principe
759 1368 903 1450 civitatis,
920 1367 1077 1452 praelecto
1093 1366 1184 1449 equi-

128 1476 211 1555 tum3
236 1475 292 1556 qui
314 1493 388 1537 cum
403 1473 460 1537 vix
478 1491 561 1557 equo
579 1477 706 1558 propter
723 1478 857 1538 aetaoem
874 1478 979 1557 posset
996 1473 1057 1556 uti,
1079 1476 1211 1539 tament

128 1578 357 1643 consuetudine
380 1578 542 1644 Gallorum
569 1597 675 1663 neque
697 1579 807 1643 aetatis
829 1580 1032 1645 excusatione
1058 1578 1094 1642 in
1115 1597 1185 1643 sus·

127 1684 272 1767 cipienda
304 1685 499 1768 praefectura
531 1703 609 1750 usus
640 1689 707 1749 erat
737 1703 842 1768 neque
876 1685 1020 1750 dimicari
1051 1686 1120 1749 sine
1150 1702 1185 1750 se

127 1789 278 1854 voluerat
323 1789 476 1855 inflantur
507 1795 603 1875 atque
633 1791 807 1855 incitantur
837 1791 975 1855 hostium
1005 1791 1103 1856 animi
1135 1808 1210 1855 seo

127 1894 232 1960 cundo
255 1895 388 1980 proelio,
414 1895 557 1981 principe
584 1901 616 1960 et
636 1896 793 1980 praefecto
815 1894 988 1961 Remorum
1009 1895 1183 1980 interfecto,

126 2001 291 2085 nostrique
327 2001 514 2066 detrimento
551 2002 762 2067 admonentur
797 2001 981 2086 diligentius
1012 2000 1209 2086 exploratis?

125 2107 205 2172 loeis
227 2109 376 2173 stationes
400 2107 567 2192 disponere
593 2127 631 2171 ac
652 2106 846 2172 moderatius
872 2107 1035 2172 cedentem
1055 2106 1183 2190 insequi

127 2212 258 2277 hostem
301 2211 377 2277 Non
404 2214 620 2278 intermittunt
649 2213 780 2278 interim
810 2213 970 2279 cotidiana
1000 2213 1118 2297 proelia
1148 2213 1182 2276 in
1201 2226 1235 2284 1³

127 2324 298 2404 conspectu
320 2324 530 2401 utrorumque
553 2325 743 2403 castrorum,
765 2337 847 2403 quae
864 2318 905 2384 ad
919 2319 1001 2384 vada
1018 2320 1182 2385 nanuum·

128 2444 191 2509 que
208 2424 327 2491 fiebant
343 2424 477 2510 paludis.
509 2444 573 2509 qua
591 2427 793 2490 contentione
808 2425 970 2509 Germani,
993 2443 1073 2508 quos
1091 2443 1182 2508 prop
1196 2446 1210 2491 a

127 2537 213 2598 terea
228 2531 343 2598 ansm
356 2531 580 2596 transduxerat
591 2529 753 2613 Rhenum,
775 2535 813 2596 ut
829 2529 991 2614 equitibus
1007 2530 1184 2615 interpositi

127 2639 367 2722 proeliarentur,
394 2656 469 2702 cum
495 2638 691 2702 constantius
716 2637 859 2702 universi
884 2636 1031 2721 paludem
1054 2636 1184 2701 transis·

128 2747 199 2808 sent
229 2744 403 2828 paucisque
433 2741 654 2808 resistentibus
683 2743 857 2808 interfectis
886 2743 1081 2827 pertinacius
1110 2743 1184 2807 reli·

129 2866 226 2930 quam
247 2849 486 2914 multitudinem
508 2853 614 2915 essent
635 2848 787 2932 insecuti,
812 2850 970 2934 perterriti
991 2868 1057 2913 non
1079 2849 1183 2913 solum

127 2954 165 3038 ii,
188 2953 243 3037 qui
265 2958 321 3018 aut
342 2956 520 3020 comminus
543 2954 799 3040 opprimebantur
821 2959 877 3020 aut
893 2956 1020 3020 eminus
1037 2955 1184 3018 vulnera·

129 3059 257 3144 benun,
288 3059 345 3123 sed
375 3060 470 3124 etiam
502 3062 559 3144 qui
589 3061 718 3144 longius
748 3058 921 3125 subsidiari
948 3064 1183 3142 consueverant,

129 3164 264 3250 turpiter
284 3165 470 3249 refugerunt
495 3183 556 3230 nec
577 3167 666 3249 prius
689 3163 785 3230 finem
811 3165 905 3249 fugae
927 3165 1070 3230 fecerunt
1090 3183 1211 3249 saepes

130 3271 254 3336 amissis
276 3270 493 3355 superioribus
513 3270 607 3353 locis,
630 3291 725 3353 quam
747 3289 782 3336 se
800 3276 856 3336 aut
876 3271 912 3335 in
929 3275 1032 3336 castra
1052 3289 1184 3336 suorum

129 3378 306 3461 reciperent
325 3381 461 3441 autnon
475 3376 555 3440 nulli
575 3377 696 3461 pudore
710 3377 812 3440 coacti
825 3377 955 3461 longius
972 3378 1184 3462 profugerent

130 3502 266 3567 quorum
291 3482 434 3567 periculo
460 3483 508 3548 sic
534 3501 645 3547 omnes
671 3482 779 3566 copiae
805 3486 881 3547 sunt
906 3483 1118 3569 perturbatae,
1149 3490 1212 3548 ute

129 3591 188 3655 vix
213 3589 348 3654 indicari
374 3593 493 3673 posset,
524 3592 634 3652 utrum
664 3588 812 3653 secundis
842 3588 985 3655 minimis
1014 3588 1111 3655 rebus
1136 3591 1185 3654 in·

129 3697 315 3762 solertiores
338 3714 379 3758 an
402 3694 533 3759 adverso
555 3694 710 3759 mediocri
733 3713 810 3760 casu
831 3694 1007 3761 timidiores
1029 3701 1142 3762 essent

219 3800 442 3886 Compluribus
480 3800 593 3866 diebus
630 3800 732 3866 isdem
767 3801 803 3864 in
837 3801 947 3866 castris
982 3803 1239 3888 consumptam

129 3929 205 3975 cum
227 3909 357 3994 propius
379 3907 547 3972 accessise
568 3906 708 3986 legiones
729 3910 762 3971 et
784 3904 816 3971 Ο.
832 3906 1025 3973 Trebonium
1045 3907 1186 3995 legatum

1245 4112 1290 4164 J
