2738 4424
186 244 248 308 132
580 259 685 314 nunu
703 259 844 316 GALLIOI

186 419 341 505 Agedinci
376 420 412 486 in
442 420 583 486 hibernie
615 421 794 486 conlocavit
828 421 1050 504 frumentoque
1085 417 1242 485 exercitui

187 525 323 611 proviso,
345 529 383 589 ut
403 526 597 612 instituerat,
622 528 659 591 in
680 528 805 591 Italiam
831 526 872 591 ad
898 530 1074 593 conventus
1102 524 1242 609 agendos

186 630 343 717 profectus
365 635 422 697 est

499 910 536 979 Ο.
557 912 679 980 IULH
701 911 923 980 CAESARIS

461 1057 652 1132 BELLI
696 1055 965 1134 GALLIOI

559 1213 668 1268 nmen
689 1212 868 1270 summos

156 1375 170 1433 t
213 1396 216 1401 ·
274 1370 388 1449 Quieta
411 1373 511 1464 Gallia
534 1373 661 1459 Caesar,
682 1378 720 1438 ut
742 1375 961 1458 constituerat,
988 1373 1024 1439 in
1050 1374 1173 1439 Italiam
1198 1371 1240 1439 ed

186 1483 361 1543 conventus
383 1479 521 1564 agendos
540 1478 758 1564 proficiscitur.
795 1479 841 1544 ibi
856 1480 1018 1564 cognoscit
1033 1480 1072 1544 de
1086 1478 1121 1544 P.
1137 1477 1241 1544 Clodii

186 1583 280 1649 caede
313 1584 352 1648 de
383 1590 575 1669 senatusque
602 1586 745 1650 consulto
778 1586 894 1651 certior
923 1586 1038 1669 factus,
1068 1589 1104 1650 ut
1131 1603 1241 1650 omnes

184 1689 324 1755 iuniores
338 1690 449 1756 ltaliae
464 1691 678 1774 commutent,
702 1691 854 1756 dilectum
868 1697 933 1756 tota
947 1691 1111 1776 provincia
1124 1690 1241 1757 habere

161 1795 331 1859 tinstituit
376 1815 432 1861 eae
452 1815 504 1862 res
525 1797 561 1862 in
584 1796 719 1862 Galliam
740 1797 977 1881 transalpinam
1001 1797 1147 1863 celeriter
1170 1816 1242 1880 pen-

185 1899 336 1965 ieruntnr.
380 1902 503 1966 addunt
521 1903 585 1986 ipsi
607 1907 639 1967 et
657 1901 826 1987 adfingunt
840 1902 1022 1967 rumoribus
1037 1901 1133 1986 Galli,
1156 1901 1242 1987 qnod

186 2025 237 2072 ree
258 2026 386 2094 poscere
407 2008 591 2092 ridebatur,
613 2010 742 2074 retineri
765 2009 886 2073 urbano
901 2013 992 2073 motu
1006 2007 1172 2074 Gaesarem
1185 2027 1242 2074 ne-

187 2131 250 2196 que
271 2114 306 2175 in
329 2115 424 2180 tentis
452 2115 705 2180 dissensionibus
731 2114 773 2180 ad
799 2115 977 2180 exereitum
1002 2114 1114 2180 venire
1141 2133 1241 2198 posse
1354 2123 1355 2128 ’

161 2217 244 2282 chao
268 2219 398 2303 impulsi
429 2221 607 2304 occasione,
639 2222 695 2304 qni
720 2221 785 2284 iam
812 2224 884 2286 ante
911 2239 945 2285 se
972 2220 1080 2305 populi
1106 2218 1241 2284 Romani

186 2323 318 2408 imperio
350 2325 509 2392 subiectos
541 2327 695 2410 dolerent,
730 2326 863 2391 liberius
894 2330 989 2408 atque
1020 2325 1170 2390 audacius
1200 2325 1242 2391 de
1350 2367 1351 2370 =

161 2429 268 2496 ebello
292 2433 424 2496 consilia
444 2434 526 2498 inire
547 2434 712 2516 incipiunt
756 2433 885 2497 indictis
911 2432 997 2497 inter
1022 2450 1056 2497 se
1083 2431 1241 2515 principes

187 2533 306 2602 Galliae
329 2539 471 2603 conciliis
489 2539 688 2604 silvestribus
710 2558 747 2603 ac
760 2540 889 2603 remotis
907 2538 985 2603 locis
1009 2540 1185 2620 quenmtur
1200 2535 1241 2601 de

186 2642 322 2708 Acconis
343 2649 456 2726 morte3
480 2664 572 2728 posse
594 2645 682 2709 huno
703 2663 812 2710 casum
838 2645 878 2709 ad
906 2645 991 2728 ipsos
1017 2641 1159 2709 recidere
1187 2642 1241 2708 de-

161 2752 372 2829 tmonstrant3
397 2750 589 2814 miserantur
611 2770 811 2816 communem
835 2750 956 2816 Galliae
976 2749 1150 2831 fortunam3
1175 2768 1241 2813 om·

185 2851 281 2919 nibus
310 2854 591 2938 pollicitationibus
621 2875 658 2921 ac
684 2857 832 2941 praemiis
861 2855 1050 2939 deposcunt,
1083 2854 1140 2938 qui
1165 2853 1241 2919 belli

185 2958 315 3023 initium
335 2961 452 3025 faciant
474 2965 506 3027 et
528 2962 580 3026 sui
602 2963 712 3045 capitis
734 2962 876 3045 periculo
902 2960 1038 3026 Gelliam
1059 2962 1095 3025 in
1116 2961 1243 3026 liberta·

161 3069 251 3131 atem
271 3066 441 3132 vindicent
486 3068 521 3132 in
542 3069 652 3152 primis
673 3068 829 3132 rationem
844 3086 913 3133 esse
928 3066 1108 3133 habendam
1123 3066 1242 3150 dicunt,

187 3172 372 3257 priusquam
393 3192 504 3239 eorum
527 3174 722 3239 clandestina
741 3174 875 3239 consilia
898 3172 1081 3257 efferantur,
1104 3178 1141 3237 nt
1164 3170 1242 3238 an-

162 3296 239 3344 rsar
261 3278 299 3342 ab
323 3281 466 3344 exercitu
487 3279 722 3345 intercludatur.
767 3280 802 3343 id
817 3299 886 3345 esse
900 3278 1006 3362 facile,
1030 3278 1116 3361 quod
1137 3296 1243 3362 neque

186 3382 326 3469 legiones
356 3382 494 3451 audeant
525 3385 653 3451 absente
678 3387 867 3469 imperatore
899 3403 941 3449 ex
967 3384 1109 3449 hibernis
1136 3383 1244 3469 egredi

187 3509 291 3574 neque
312 3492 483 3575 imperator
504 3492 573 3556 sine
595 3492 750 3576 praesidio
774 3490 814 3557 ad
832 3491 974 3575 legiones
989 3489 1156 3575 pervenire
1171 3508 1242 3573 pos·

163 3598 241 3677 esit3
265 3603 421 3680 postremo
444 3598 481 3661 in
503 3599 570 3663 acie
593 3602 750 3682 praestare
771 3595 921 3680 interfici,
949 3615 1045 3679 quam
1071 3613 1136 3659 non
1159 3597 1243 3657 vete-

188 3721 255 3766 rem
278 3703 353 3767 belli
374 3704 507 3787 gloriam
529 3703 780 3786 libertatemque,
804 3721 900 3785 quam
923 3721 942 3765 a
962 3700 1134 3765 maioribus
1157 3717 1245 3763 acoe-

154 3814 173 3870 t
189 3808 304 3892 perint,
325 3828 519 3893 recuperare.
556 3809 617 3874 His
632 3809 727 3874 rebus
743 3809 866 3893 agitatis
879 3805 1068 3891 profitentur
1090 3805 1245 3870 Carnutes

190 3933 224 3978 se
254 3913 379 3978 nullum
410 3915 588 3999 periculum
619 3913 796 3979 communis
832 3913 941 3978 salutis
973 3930 1070 3977 causa
1099 3930 1247 3976 recusare
