2738 4424
181 256 243 318 158
576 274 839 331 ammommer

179 443 234 497 sus
259 432 351 496 XIII.
374 433 509 518 legionis
535 436 679 501 cohortes
706 440 912 521 exceperunt,
945 455 1027 520 quae
1059 453 1100 500 ex
1127 434 1239 499 castris

179 538 359 603 minoribus
381 540 513 606 eductae
541 561 614 606 curn
640 542 672 605 Τ.
696 540 805 607 Sextio
832 543 936 626 legato
960 546 1110 626 ceperant
1130 541 1238 605 locum

153 647 384 729 osuperiorem.
431 646 584 730 legiones,
616 647 673 712 ubi
698 649 839 732 primum
865 649 1030 732 planitiem
1057 648 1238 731 attigerunt,

154 752 302 818 cinfestis
329 757 440 816 contra
467 753 587 816 hostem
614 755 714 838 signis
737 756 955 818 constiterunt
992 752 1239 839 Vercingetorix

181 858 220 922 ab
243 857 404 922 radicibus
426 858 516 922 collis
538 878 613 923 suos
635 860 721 923 intra
742 862 935 926 munitIones
954 861 1091 925 reduxit
1129 877 1166 923 eo
1187 857 1240 921 die

180 965 297 1029 milites
319 968 396 1028 sunt
416 964 511 1049 paulo
534 965 641 1028 minus
662 963 743 1029 Dcc
766 966 941 1030 desiderati

126 1086 163 1142 sa
269 1069 400 1134 Postero
423 1071 475 1135 die
491 1067 605 1135 Caesar
624 1072 771 1137 contione
786 1073 938 1136 advocata
956 1071 1164 1136 temeritatem
1183 1089 1240 1133 cu-

180 1176 411 1261 pidItatemque
431 1177 570 1240 militum
592 1178 804 1262 reprehendit,
833 1178 919 1261 quod
944 1178 1006 1242 sibi
1032 1176 1093 1261 ipsi
1119 1176 1241 1239 iudIca·

180 1284 313 1367 vlesent,
343 1302 406 1366 quo
433 1282 670 1366 procedendum
697 1289 752 1347 aut
779 1283 857 1366 quid
884 1284 1042 1367 agendum
1068 1282 1240 1364 videretur,

181 1407 286 1471 neque
309 1389 400 1472 signo
422 1389 600 1472 reeipiendi
623 1388 694 1453 dato
713 1390 928 1454 constitissent
947 1407 1053 1471 neque
1068 1406 1087 1451 a
1101 1387 1240 1450 tribunis

155 1494 320 1560 rmihtum
341 1493 518 1577 legatisque
540 1495 670 1558 retineri
691 1495 876 1578 potuissent
914 1495 1074 1578 exposuit,
1098 1492 1176 1577 quid
1191 1493 1241 1555 in-

181 1598 300 1681 iquitas
322 1598 384 1662 loci
405 1604 524 1683 posset,
549 1599 634 1683 quod
649 1600 716 1683 ipse
733 1600 773 1663 ad
788 1600 964 1664 Avaricum
979 1601 1143 1681 sensisset,
1166 1618 1240 1663 cum

182 1705 251 1769 siue
267 1704 348 1769 duce
370 1708 402 1769 et
416 1705 485 1769 siue
501 1706 647 1788 equitatu
662 1706 867 1790 deprehensis
882 1706 1024 1771 hostibus
1045 1705 1240 1790 exploratam

181 1810 346 1874 victoriam
362 1811 546 1895 dImisisset,
561 1831 602 1876 ne
617 1832 751 1896 parvum
765 1812 861 1878 modo
878 1812 1101 1878 detumentum
1115 1812 1151 1874 iu
1166 1830 1240 1875 cou-

155 1917 323 1982 etentione
345 1922 473 2000 propter
486 1917 687 2000 iniquitatem
709 1919 772 1983 loci
795 1918 958 1983 accideret
1004 1922 1122 2002 quanto
1147 1934 1241 2000 opere

183 2042 293 2088 eorum
317 2023 415 2086 animi
433 2024 685 2107 magmtudinem
704 2024 924 2108 admiraretur,
948 2042 1028 2106 quos
1042 2043 1109 2087 non
1123 2027 1241 2088 castro-

181 2149 255 2193 rum
276 2130 483 2212 munitiones,
510 2148 576 2192 non
599 2130 731 2194 altimdo
754 2131 884 2212 montis,
911 2148 976 2193 non
998 2149 1110 2193 murus
1134 2127 1242 2213 oppidi

181 2235 305 2299 tardare
331 2236 496 2319 potuisset,
528 2239 615 2298 tanto
648 2254 742 2319 opere
773 2236 934 2300 litentiam
965 2236 1240 2319 arrogantiamque

181 2342 423 2426 reprehendere,
448 2341 533 2425 quod
551 2341 625 2425 plus
645 2360 679 2406 se
700 2360 795 2424 quam
815 2343 1038 2425 imperatorem
1054 2342 1093 2406 de
1107 2341 1240 2405 victoria

155 2451 276 2530 ratque
300 2448 390 2512 exitu
411 2466 519 2512 rerum
541 2448 659 2512 sentire
682 2448 915 2529 extstimarent3
943 2466 1005 2512 nec
1030 2448 1138 2511 miuus
1164 2465 1198 2511 so
1222 2465 1242 2509 a

181 2554 282 2618 milite
308 2553 495 2617 modestiam
527 2558 559 2618 et
590 2554 817 2618 continentiam
845 2573 941 2636 quam
967 2553 1116 2617 virtrtem
1144 2557 1240 2636 atque

127 2671 164 2727 ss
182 2659 280 2720 animi
301 2659 556 2741 magnItudinem
579 2659 766 2724 desiderare.
811 2658 881 2724 Hac
904 2659 1010 2722 habIta
1037 2660 1183 2722 contione
1208 2663 1241 2722 et

181 2764 222 2827 ad
244 2769 423 2828 extremum
441 2761 606 2848 [oratione]
627 2764 820 2829 confirmatis
841 2764 1007 2846 militibus,
1030 2783 1072 2828 ne
1095 2764 1135 2828 ob
1157 2765 1241 2829 hanc

182 2888 309 2936 causam
324 2870 430 2933 anImo
446 2875 708 2954 permoverentur
721 2889 795 2953 neu,
812 2871 898 2954 quod
912 2871 1065 2953 imquitas
1078 2870 1142 2936 Ioci
1157 2874 1240 2934 attu-

181 2977 282 3060 Hsset,
303 2976 338 3040 id
352 2976 465 3040 virtuti
479 2977 618 3039 hostium
640 2977 828 3061 tribuerent,
851 2976 961 3040 eadem
984 2977 1024 3042 de
1045 2977 1239 3061 proiectione

181 3085 336 3168 cogitans,
364 3101 446 3166 quae
474 3086 546 3146 ante
573 3087 727 3167 senserat,
753 3083 895 3166 legiones
922 3101 964 3146 ex
991 3083 1101 3146 castris
1127 3083 1240 3147 eduxIt

153 3191 345 3273 raciemque
363 3188 477 3254 idoneo
495 3188 566 3253 loeo
585 3189 756 3253 constituit
793 3207 867 3252 cum
878 3186 1124 3271 Verciugetorix
1138 3188 1239 3252 nihilo

180 3296 283 3380 magis
305 3296 340 3358 iu
361 3314 499 3378 aequum
525 3294 631 3359 locum
659 3294 875 3378 descenderet,
902 3293 967 3358 levi
993 3293 1075 3357 facto
1099 3294 1240 3376 equestri

180 3401 300 3486 proeho
332 3406 428 3483 atque
459 3418 497 3465 eo
529 3399 668 3465 secundo
700 3400 734 3462 in
766 3405 868 3464 castra
898 3401 1074 3464 exercitum
1100 3399 1238 3465 reduxit

154 3525 255 3571 ecum
288 3507 350 3572 hoc
382 3506 468 3571 idem
497 3511 622 3590 postero
653 3506 704 3570 die
733 3505 872 3589 iecisset,
907 3507 983 3571 satis
1016 3507 1057 3570 ad
1087 3505 1240 3570 Gallicam

182 3614 423 3678 ostentationem
445 3612 652 3677 minuendam
674 3612 878 3694 militumque
905 3613 1028 3678 animos
1050 3612 1240 3678 confirman-

156 3717 240 3783 rdos
260 3719 379 3785 lactum
402 3719 588 3783 existimans
609 3719 645 3781 in
663 3716 816 3784 Haeduos
838 3719 939 3783 movit
960 3724 1070 3784 castra
1107 3737 1148 3782 ne
1171 3724 1240 3783 tum

184 3825 313 3908 quidem
343 3825 494 3889 insecutis
526 3824 669 3889 hostibus
702 3826 793 3888 tertio
826 3825 877 3888 die
910 3825 951 3888 ad
977 3825 1098 3889 flumen
1123 3823 1243 3889 Elaver

129 3939 166 3994 tt
182 3931 287 4013 vemt,
328 3933 457 4014 pontem
495 3931 606 3995 reiecit
646 3930 887 4013 exercitumque
924 3931 1073 3995 traduxit
1136 3929 1187 3994 Ibi
1222 3949 1242 3994 a
