2738 4424
429 255 536 310 LIBER
553 255 616 311 ΠΠ.
636 254 712 311 clP.
730 256 826 312 5-11.
1114 241 1155 305 67

103 417 188 501 apud
209 435 244 482 11
266 419 299 482 et
320 417 360 482 de
383 414 561 482 Sueborum
581 416 710 480 iniuriis
733 420 907 499 querantur
921 419 954 481 et
975 436 995 480 a
1016 434 1051 481 se
1066 417 1157 480 auxi·

102 522 183 587 lium
204 526 325 606 petant:
349 523 410 587 boc
431 540 465 587 se
486 521 580 588 Ubiis
602 522 839 606 imperaturum.
882 520 992 606 Legati
1017 523 1096 587 baec
1123 530 1192 588 set

104 630 144 693 ad
166 648 241 694 suos
262 630 418 694 relaturos
441 629 593 693 dixommt
615 632 646 693 et
667 647 703 692 re
718 627 890 693 deliberata
903 633 975 712 post
997 628 1081 692 diem
1095 632 1158 693 ter·

103 737 185 800 tium
207 734 247 799 ad
262 732 427 799 Gaesarem
440 751 638 817 reversuros3
661 734 784 799 interea
804 752 847 799 ne
861 734 992 818 propius
1007 752 1041 799 se
1056 738 1185 802 castras

104 846 257 925 moveret,
278 840 447 925 petierunt
481 858 524 905 ne
541 839 576 905 id
598 839 727 921 quidem
749 838 864 904 Caesar
886 839 926 903 ab
948 858 982 904 se
996 839 1159 924 impetrari

104 965 196 1031 posse
219 947 308 1010 dixit
353 949 544 1029 cognoverat
569 945 655 1010 enim
680 963 830 1029 magnam
851 950 973 1028 partem
999 946 1185 1028 equitatusa

105 1052 145 1117 ab
167 1053 207 1117 iis
229 1052 351 1135 aliquot
365 1050 477 1116 diebus
499 1054 572 1115 ante
586 1050 760 1134 praedandi
773 1050 1050 1134 frumentandique
1064 1070 1160 1116 eausa

105 1159 146 1222 ad
167 1157 382 1222 Ambivaritos
404 1161 491 1221 trans
505 1154 628 1220 Mosam
642 1156 784 1239 missam,
807 1155 866 1221 bos
888 1157 1050 1240 expectari
1072 1158 1160 1240 equi·

105 1269 153 1330 tes
176 1270 270 1346 atquo
293 1263 362 1328 eius
383 1263 431 1327 roi
454 1281 550 1326 causa
570 1281 692 1326 moram
713 1261 874 1346 interponi
896 1261 1115 1327 arbitrabatur.

192 1369 284 1434 Mosa
308 1367 438 1454 profluit
464 1386 506 1433 ex
531 1371 640 1432 monte
661 1367 802 1451 Vosego,
824 1369 881 1451 qui
907 1373 956 1433 est
980 1369 1015 1432 11
1040 1367 1160 1434 finibus
1177 1381 1213 1439 1⁰

105 1475 297 1560 Lingonum,
321 1479 353 1540 et
372 1477 462 1559 parte
485 1473 620 1557 quadam
642 1492 685 1538 ex
706 1472 818 1538 Rheno
840 1478 979 1558 recepta,
1003 1493 1084 1558 quae
1107 1495 1160 1560 ap·

105 1582 240 1668 pellatur
260 1580 414 1663 Vacalus,
436 1579 573 1644 insulam
596 1578 693 1643 efficit
705 1579 898 1644 Batavorum
912 1598 1017 1664 neque
1034 1580 1186 1666 longiusr
1243 1574 1245 1577 ’

104 1688 179 1752 inde
193 1685 323 1750 milibus
339 1704 491 1770 passuum
505 1683 633 1749 LXXX
651 1685 687 1748 in
703 1683 865 1749 Oceanum
879 1684 993 1750 influit
1030 1686 1160 1753 Rhenus
1172 1709 1187 1751 a

106 1797 212 1857 autem
232 1792 333 1856 oritur
354 1809 396 1855 111
418 1789 592 1875 Lepontiis,
621 1791 677 1874 qui
703 1791 802 1874 Alpes
823 1791 981 1875 incolunt,
1009 1797 1040 1856 et
1065 1793 1160 1878 longo
1201 1799 1205 1807 '

105 1899 205 1982 spatio
231 1896 393 1981 perfines
419 1895 639 1979 Nantuatium,
669 1894 903 1978 Helvetiorum,
934 1895 1161 1982 Sequanorum,

104 2003 391 2086 Mediomatricum,
409 2001 626 2084 Tribocorum,
647 2002 857 2067 Treverorum
879 2003 993 2067 citatus
1007 2004 1107 2068 fertur
1121 2009 1188 2087 eto

105 2109 162 2174 ubi
181 2108 307 2174 Oceano
331 2108 608 2192 adpropinquavit,
630 2107 665 2170 11
678 2107 786 2193 plures
805 2107 921 2172 diffluit
933 2113 1038 2192 partes
1052 2110 1161 2176 multis

105 2214 352 2299 ingentibusque
374 2213 488 2277 insulis
510 2212 637 2292 effectis,
660 2231 796 2294 quarum
817 2233 890 2297 para
912 2233 1028 2298 magna
1050 2216 1161 2280 aforis

105 2321 310 2403 barbarisque
332 2319 515 2384 nationibus
536 2305 695 2402 incolitur,
717 2355 760 2366 -
783 2337 826 2384 111
849 2319 964 2403 quibus
991 2325 1077 2404 sunt,
1105 2321 1187 2404 quis

104 2428 245 2512 piscibus
268 2431 363 2509 atque
386 2425 455 2489 oris
470 2425 577 2488 avium
592 2425 700 2489 rivere
716 2425 950 2509 existimantur,
972 2461 1016 2472 —
1038 2426 1160 2492 multis-

107 2552 169 2618 que
192 2531 346 2617 capitibus
367 2532 403 2594 11
425 2530 588 2596 Oceanum
609 2529 723 2594 influit

195 2638 310 2703 Cacsar
332 2657 406 2702 cum
428 2636 467 2700 ab
483 2637 572 2701 hoste
594 2655 661 2700 non
676 2635 810 2719 amplius
824 2655 976 2721 passuum
990 2637 1058 2703 ΧΠ
1079 2639 1161 2703 mili·
1178 2655 1212 2710 11

106 2744 167 2810 bus
194 2744 330 2826 abesset,
356 2747 394 2807 ut
421 2746 489 2807 erat
514 2742 735 2825 constitutum,
766 2741 807 2806 ad
834 2760 908 2807 eum
934 2743 1029 2827 legati
1055 2763 1161 2810 rever·

107 2855 231 2931 tantu,
249 2850 304 2933 qui
319 2850 356 2913 in
369 2849 482 2912 itinere
497 2847 657 2932 congressi
670 2867 875 2932 magnopere,
889 2867 932 2913 ne
946 2849 1073 2934 longius
1091 2869 1161 2934 pro·

107 2956 305 3042 grederetur,
327 2954 466 3019 orabant
510 2971 585 3017 cum
606 2953 641 3017 id
661 2972 728 3017 non
749 2954 982 3038 impetrassent,
1004 2955 1188 3040 petebantr

108 3063 157 3125 uti
179 3060 219 3125 ad
241 3080 295 3126 eos
317 3061 452 3144 equites,
475 3059 531 3142 qui
545 3077 658 3144 agmen
673 3055 927 3143 antecessissent,
949 3062 1164 3144 praemitteret

109 3185 227 3251 eosque
249 3184 356 3250 pugna
377 3165 570 3249 prohiberet,
593 3165 717 3248 sibique
739 3169 777 3228 ut
790 3169 976 3248 potestatem
997 3165 1114 3231 iaceret
1126 3168 1163 3231 in

109 3273 210 3338 Ubios
231 3271 352 3356 legatos
375 3271 533 3352 mittendi3
562 3290 699 3353 quorum
725 3271 753 3335 si
779 3272 938 3355 principes
966 3291 1003 3337 ac
1034 3277 1188 3338 senatuss

109 3379 170 3444 sibi
197 3379 266 3442 iure
292 3374 428 3440 iurando
454 3375 550 3440 fidem
576 3375 713 3459 fecisset,
745 3394 783 3441 ea
809 3376 1008 3461 condicione,
1036 3396 1117 3458 quae
1144 3398 1163 3442 a

110 3483 242 3550 Caesare
263 3482 411 3566 ferretur,
434 3499 469 3546 se
491 3500 604 3545 usuros
627 3481 845 3546 ostendebant:
874 3482 914 3546 ad
936 3483 992 3547 has
1014 3501 1065 3548 res
1088 3503 1162 3549 eon·

109 3589 261 3656 ficiendas
288 3587 348 3652 sibi
375 3586 473 3652 tridui
500 3587 635 3671 spatium
663 3587 759 3652 daret
808 3587 886 3652 baec
918 3590 1023 3652 omnia
1050 3587 1188 3657 0111111

111 3698 222 3763 eodem
235 3695 291 3759 iflo
306 3695 464 3778 pertinere
479 3692 700 3778 arbitrabatur,
714 3697 751 3757 ut
765 3693 862 3758 tridui
876 3714 966 3758 mora
979 3696 1163 3778 interposita

111 3802 233 3887 equites
260 3820 384 3884 eorum,
416 3801 473 3882 qui
499 3799 657 3883 abessent,
684 3803 932 3882 reverterentur,
960 3806 1068 3866 tamen
1093 3820 1162 3884 sese

111 3927 179 3974 non
199 3907 325 3992 longius
346 3905 477 3970 milibus
499 3924 649 3990 passuum
670 3905 737 3970 ΠΠ
764 3907 941 3989 aquationis
968 3926 1064 3972 causa
1090 3927 1162 3993 pro-

969 4010 1005 4066 5*
