2738 4424
450 190 557 246 LIBER
572 191 595 246 1.
615 191 689 247 cnP.
709 191 831 246 34-38.
1124 176 1176 240 211

111 355 313 435 temptassent
335 356 368 418 et
390 353 485 440 armis
508 354 669 436 congressi
691 372 728 417 ac
751 353 889 436 superati
912 357 1028 437 essent,
1050 353 1167 437 stipen-

112 458 227 522 diarios
259 477 328 523 esse
359 458 466 523 factos.
511 479 660 543 magnam
683 457 849 524 Caesarem
879 459 1030 522 iniuriam
1056 459 1194 543 facerat

114 566 170 647 qui
192 583 250 629 suo
274 564 413 628 adventu
435 565 602 648 vectigalia
616 565 679 628 sibi
694 564 848 629 deteriora
869 564 993 630 faceret
1024 564 1193 634 Haeduiss

112 689 146 735 se
170 670 295 735 obsides
317 670 516 736 redditurum
543 690 609 734 non
637 689 705 735 esse
733 689 837 754 neque
859 671 908 735 his
930 689 1035 752 neque
1058 689 1168 735 eorum

113 777 208 840 sociis
230 777 348 840 iniuria
369 776 489 841 bellurn
512 777 699 859 inlaturum,
720 778 748 840 si
770 777 805 840 in
827 795 864 842 eo
883 781 1059 861 manerent,
1083 775 1169 859 quod

113 883 325 964 convenisset,
360 883 617 966 stipendiumque
650 884 821 965 quotannis
851 883 1039 967 penderent3
1076 883 1104 947 si
1133 879 1168 945 id

113 1007 177 1051 non
199 987 363 1072 fecissent,
390 989 484 1073 longe
507 990 547 1052 iis
568 989 742 1053 fraternum
764 1009 880 1053 nomen
903 989 1013 1072 populi
1033 987 1170 1052 Romani

114 1094 284 1158 afuturum.
330 1095 416 1178 quod
443 1094 504 1159 sibi
532 1094 647 1159 Caesar
674 1094 875 1160 denuntiaret
900 1114 934 1160 se
960 1093 1195 1160 Haeduornma

113 1201 247 1265 iniurias
268 1219 335 1264 non
355 1201 584 1284 neglecturum,
608 1202 765 1265 neminem
781 1220 891 1265 secum
904 1201 974 1264 sine
993 1219 1051 1265 sua
1064 1199 1169 1283 perni-

114 1308 162 1372 cie
178 1307 385 1371 contendisse.
432 1325 505 1370 cnm
520 1307 628 1389 vellet,
643 1307 900 1390 congrederetur:
924 1306 1168 1389 intellecturum,
1181 1329 1194 1374 r

115 1413 192 1495 quid
216 1414 330 1477 invicti
353 1413 515 1497 Germani,
542 1414 797 1478 exercitatissimi
819 1413 853 1476 in
877 1414 984 1497 armis,
1008 1413 1064 1494 qui
1086 1414 1170 1477 inter

114 1538 214 1582 annos
235 1519 336 1582 ΧΠΠ
359 1523 477 1582 tectum
499 1538 565 1583 non
587 1519 759 1604 subissent,
782 1520 898 1601 uirtute
920 1522 1057 1603 possent.

201 1624 291 1689 Haec
307 1623 419 1690 eodem
442 1629 583 1708 tempore
598 1623 726 1690 Caesari
740 1624 888 1690 mandata
907 1624 1124 1690 referebantur
1137 1630 1169 1690 et
1185 1639 1221 1696 aa

57 1810 62 1818 Ι
113 1730 210 1814 legati
237 1730 276 1793 ab
298 1730 443 1794 Haeduis
470 1735 502 1796 et
524 1749 543 1794 a
563 1730 708 1796 ‘fleveris
730 1730 914 1796 veniebant:
942 1729 1070 1795 Haedui
1093 1749 1196 1813 que-r

114 1841 211 1919 stum,
239 1835 325 1918 quod
346 1835 507 1919 Harudes,
535 1838 592 1920 qui
617 1855 720 1920 nuper
745 1838 781 1901 in
808 1836 943 1901 Galliam
969 1838 1169 1921 transportati

115 1946 232 2024 essent,
254 1940 335 2005 fines
358 1961 469 2006 eorum
490 1943 730 2026 popularentur:
759 1961 828 2008 sese
850 1960 891 2006 ne
913 1942 1077 2007 obsidibus
1100 1943 1180 2025 qui·

114 2049 186 2112 dem
217 2048 297 2112 datis
328 2066 439 2132 pacem
470 2047 624 2113 Ariovisti
659 2048 815 2114 redimere
849 2050 1003 2132 potuisse;
1041 2048 1196 2114 breveria

114 2160 232 2239 autem,
263 2173 360 2238 pagos
394 2159 522 2220 centurn
554 2152 731 2218 Sueborum
759 2154 799 2218 ad
824 2155 908 2238 ripas
930 2154 1034 2220 Rheni
1060 2172 1169 2219 eonse-

114 2262 209 2345 disse,
238 2261 294 2342 qui
316 2260 464 2326 Rhenum
487 2261 622 2325 transire
645 2265 848 2341 conarentur3
876 2261 925 2324 his
946 2279 1091 2344 praeesse
1105 2257 1169 2322 Na-

114 2371 259 2432 suamet
286 2364 479 2431 Cimberium
505 2367 622 2430 fratres.
669 2366 786 2448 quibus
812 2367 908 2431 rebus
935 2365 1050 2430 Caesar
1074 2366 1196 2431 veho-a

115 2478 238 2539 menter
270 2477 447 2537 commotus
477 2473 702 2537 maturandum
734 2472 795 2536 sibi
819 2472 1023 2557 existimavit,
1057 2491 1111 2556 ne,
1142 2472 1171 2536 si

115 2599 198 2644 nova
227 2598 342 2643 manus
374 2577 552 2644 Sueborum
588 2597 663 2643 oum
693 2577 856 2643 veteribus
888 2579 987 2663 copiis
1017 2578 1171 2642 Ariovisti

115 2704 184 2750 sese
212 2685 441 2768 coniunxisset,
468 2684 575 2748 minus
600 2684 693 2748 facile
720 2685 824 2748 resisti
850 2690 963 2768 posset
1007 2684 1114 2768 itaque
1136 2701 1197 2748 res

115 2791 320 2855 frumentaria
358 2810 453 2874 quam
490 2790 652 2855 celerrime
689 2792 792 2874 potuit
834 2795 1011 2875 comparata
1047 2790 1170 2874 magnis

116 2896 282 2960 itineribus
298 2897 337 2959 ad
352 2897 550 2961 Ariovistum
565 2896 733 2960 contendit
779 2896 860 2961 Cum
881 2897 981 2960 tridui
996 2897 1082 2960 viam
1100 2915 1171 2980 pro·
1188 2910 1224 2966 38

119 3003 276 3085 cessisset,
298 3004 483 3066 nuntiatum
505 3006 553 3067 est
575 3002 605 3066 ei
627 3002 826 3066 Ariovistum
846 3021 919 3066 sum
941 3003 1008 3066 suis
1024 3001 1172 3066 omnibus

119 3108 218 3191 copiis
245 3107 286 3171 ad
314 3107 533 3191 occupandum
559 3107 801 3190 Vesontionem,
834 3107 920 3191 quod
951 3112 1000 3173 est
1022 3108 1172 3192 oppidum

119 3215 295 3277 maximum
327 3212 561 3297 Sequanorum,
597 3213 788 3278 contendere
825 3212 1004 3298 [triduique
1036 3213 1123 3278 viam
1154 3232 1174 3277 a

120 3319 188 3384 suis
201 3317 320 3383 finibus
334 3317 543 3403 processisse}
588 3318 623 3381 id
645 3338 686 3384 ne
710 3319 877 3401 accideret,
899 3338 1089 3404 magnopere
1112 3319 1200 3384 sibia

120 3424 371 3510 praecavendum
399 3421 512 3487 Caesar
537 3423 747 3489 existimabat
791 3443 929 3507 namque
956 3426 1099 3489 omniurn
1125 3444 1200 3491 rea

120 3551 207 3613 rum,
229 3547 311 3613 quae
333 3528 373 3592 ad
388 3528 507 3594 bellum
523 3530 597 3594 usui
612 3535 713 3611 erant,
736 3549 861 3594 summa
876 3531 989 3594 eratin
1005 3549 1042 3595 eo
1058 3530 1173 3615 oppido
1201 3566 1207 3585 ·

122 3636 262 3716 facultas,
284 3635 433 3717 idemque
455 3639 567 3699 natura
589 3635 651 3700 loci
666 3636 712 3700 sic
733 3636 945 3722 muniebatur,
969 3642 1005 3702 ut
1027 3655 1202 3721 magnama

124 3744 164 3808 ad
195 3741 375 3806 ducendum
403 3740 522 3805 bellum
553 3740 641 3806 daret
667 3742 860 3826 facultatem,
891 3747 1058 3827 propterea
1088 3744 1175 3826 quod

124 3848 244 3912 flumen
264 3845 368 3911 Dubis
386 3851 423 3911 nt
442 3846 561 3912 circirm
581 3846 832 3913 circumductum
846 3866 947 3933 paene
968 3852 1071 3915 toturn
1085 3849 1176 3937 oppl-
