2738 4424
187 244 250 309 1eo
581 258 844 315 numeramur

185 425 254 485 tatu
277 419 359 486 duae
380 439 415 486 se
438 421 521 486 acies
544 419 583 484 ab
607 419 732 485 duobus
754 419 905 485 lateribus
928 417 1111 500 ostendunt,
1133 432 1241 479 unsa

159 527 288 611 aprime
304 526 428 610 agmine
442 526 502 591 iter
516 527 668 610 impedire
684 527 795 610 coepit
833 544 896 608 qua
909 544 944 590 re
963 524 1109 588 nuntiata
1127 519 1242 586 Caesar

186 651 282 698 suum
306 649 434 716 quoque
457 632 634 715 equitatum
652 632 807 715 tripertito
828 630 968 696 divisum
987 632 1096 694 contra
1118 628 1240 692 hostem

159 738 233 805 aire
255 735 351 802 iubet
394 741 555 821 pugnatur
580 756 645 801 una
669 736 818 801 omnibus
844 738 879 800 in
900 734 1052 820 partibus.
1097 733 1241 799 consistit

159 863 314 929 tegmem
345 842 570 926 impedimenta
595 842 679 907 inter
704 842 846 927 legiones
871 843 1076 926 recipiuntur.
1121 840 1150 904 si
1177 857 1241 921 qua

185 951 222 1014 in
243 953 332 1034 parte
354 950 455 1014 nostri
475 945 619 1013 laborare
642 951 698 1012 aut
719 948 847 1033 gratim
861 948 963 1032 premi
977 946 1180 1027 videbantur,
1201 962 1240 1010 eo

186 1057 277 1140 signa
298 1054 408 1120 inferri
430 1052 545 1119 Caesar
567 1055 729 1138 aciemque
752 1054 894 1118 converti
914 1052 1056 1134 iubebat3
1086 1068 1240 1135 quaeres

186 1166 219 1228 et
239 1162 345 1227 hostes
367 1160 407 1224 ad
429 1159 661 1243 insequendum
684 1158 827 1223 tardabat
849 1163 881 1224 et
901 1164 1026 1224 nostros
1048 1176 1104 1242 spe
1127 1155 1241 1220 auxilii

159 1265 399 1337 sconfirmabat
444 1266 571 1330 tandem
596 1264 746 1330 Germani
768 1263 806 1328 ab
831 1265 941 1328 dextro
963 1263 1061 1329 latere
1079 1281 1240 1327 summum

185 1375 297 1457 iugum
323 1372 408 1435 nacti
438 1371 545 1436 hostes
574 1370 644 1434 loco
673 1370 847 1454 depellunt;
878 1371 1034 1455 fugientes
1065 1386 1168 1452 usque
1200 1367 1241 1431 ad
1317 1366 1319 1370 ’

184 1478 319 1560 flumen,
350 1475 406 1540 ubi
429 1476 673 1560 Vercingetorix
703 1495 778 1540 cum
808 1474 1007 1560 pedestribus
1038 1475 1138 1559 copiis
1165 1493 1241 1538 con·

158 1584 322 1666 esederat,
343 1587 578 1666 persequuntur
604 1582 845 1666 compluresque
872 1581 1074 1646 interficiunt.
1120 1599 1184 1663 qua
1205 1599 1240 1644 re

184 1687 403 1753 animadversa
424 1688 553 1771 reliqui,
575 1706 617 1752 ne
636 1688 954 1771 circumvenirentur,
977 1687 1071 1752 veriti
1089 1706 1124 1751 se
1146 1687 1240 1770 fugae

157 1795 344 1867 amandant
382 1793 529 1858 omnibus
551 1792 630 1857 locis
651 1791 689 1857 fit
710 1792 830 1857 caedes.
868 1798 932 1857 tres
950 1792 1142 1857 nobilissimi
1155 1790 1240 1856 Hae-

184 1901 241 1965 dui
270 1900 352 1984 capti
384 1900 425 1964 ad
453 1896 620 1963 Gaesarem
650 1899 881 1982 perducuntur:
922 1896 1032 1982 Cotus,
1062 1897 1240 1982 praefectus

184 2007 341 2090 equitum,
369 2005 421 2088 qui
447 2005 692 2070 controversiam
715 2024 790 2068 cum
812 2001 1061 2069 Convictolitare
1083 2003 1240 2088 proximis

184 2113 318 2178 comitiis
351 2110 516 2194 habuerat,
550 2115 582 2175 et
613 2109 801 2194 Cavarillus,
838 2110 894 2192 qui
926 2114 998 2193 post
1031 2109 1239 2175 defectionem

183 2217 334 2283 Litavicci
352 2217 550 2302 pedestribus
570 2217 669 2300 copiis
683 2215 873 2300 praefuerat,
896 2219 928 2281 et
941 2214 1151 2300 Eporedorix,
1175 2235 1238 2299 quo

184 2323 264 2389 duce
286 2328 360 2389 ante
380 2323 551 2388 adventum
572 2322 713 2388 Caesaris
732 2321 859 2387 Haedui
880 2341 955 2387 cum
977 2320 1133 2405 Sequanis
1154 2320 1238 2386 bello
1282 2309 1287 2316 ’

183 2428 419 2495 contenderant

127 2551 163 2609 ω
268 2533 389 2617 Fugato
413 2534 500 2598 omni
523 2534 667 2616 equitatu
688 2533 932 2617 Vercingetorix
958 2534 1065 2618 copias
1088 2552 1174 2618 suas,
1201 2537 1239 2598 ut

180 2657 237 2725 pro
253 2641 362 2704 castris
378 2639 605 2718 conlocauerat,
619 2639 749 2703 reduxit
762 2640 971 2723 protinusque
986 2639 1136 2721 Alesiam,
1152 2639 1238 2722 quod

182 2749 230 2809 est
252 2744 403 2828 oppidum
417 2743 678 2826 Mandubiorum,
700 2745 761 2809 iter
782 2743 885 2810 facere
908 2746 1012 2828 coepit
1030 2745 1237 2829 celeriterque

155 2877 168 2920 a
181 2849 405 2934 impedimenta
427 2868 470 2914 ex
484 2850 594 2914 castris
610 2849 703 2915 educi
722 2855 754 2915 et
767 2870 801 2915 se
817 2850 970 2934 subsequi
984 2850 1086 2916 iussit
1123 2850 1238 2916 Caesar

181 2956 416 3040 impedimentis
438 2956 473 3020 in
487 2956 671 3039 proximum
693 2956 805 3021 collem
828 2956 940 3039 ductis,
963 2956 1086 3021 duabus
1105 2956 1238 3041 legioni·

182 3060 243 3127 bus
269 3062 426 3146 praesidio
450 3061 569 3126 relictis
591 3065 718 3125 secutus
742 3060 858 3146 hostes,
891 3067 1045 3146 quantum
1070 3062 1134 3127 diei
1158 3067 1237 3127 tem·

181 3188 242 3252 pus
264 3174 313 3234 est
329 3188 470 3253 passum,
493 3167 619 3231 circiter
640 3166 690 3231 ΠΙ
711 3165 840 3231 milibus
858 3186 900 3231 ex
917 3169 1089 3233 novissimo
1111 3169 1237 3253 agmine
1313 3176 1315 3181 ’

154 3275 353 3344 ainterfectis
380 3274 478 3339 altero
506 3273 557 3337 die
584 3271 625 3336 ad
652 3272 793 3338 Alesiam
820 3279 921 3337 castra
947 3274 1028 3338 fecit
1073 3277 1236 3358 perspecto

181 3380 270 3445 urbis
301 3382 365 3446 situ
395 3380 630 3464 perterritisque
666 3378 823 3462 hostibus,
863 3380 949 3462 quod
982 3380 1137 3464 equitatu,
1174 3399 1238 3463 qua

181 3487 320 3551 maxime
334 3491 422 3570 parte
438 3486 596 3550 exercitus
611 3483 823 3567 confidebant,
839 3490 929 3549 erant
942 3485 1039 3569 pulsi,
1055 3485 1238 3551 adhortatus

127 3607 165 3664 aa
182 3591 222 3655 ad
240 3591 381 3656 laborem
403 3591 521 3654 milites
535 3591 677 3655 Alesiam
692 3590 931 3655 circumvallare
945 3591 1089 3655 instituit
1127 3591 1237 3675 Ipsum

182 3702 248 3763 erat
270 3697 421 3781 oppidum
444 3697 478 3759 in
500 3696 580 3761 colle
609 3715 746 3780 summo,
773 3696 945 3761 admodum
975 3697 1058 3762 edito
1086 3698 1170 3782 loco,
1201 3701 1239 3762 ut

154 3801 244 3870 anisi
266 3802 430 3866 obsidione
453 3802 629 3884 expugnari
651 3820 716 3866 non
738 3821 830 3886 posse
852 3803 1019 3867 rideretur.
1058 3804 1150 3868 euius
1174 3804 1238 3868 col·

180 3905 222 3969 lis
248 3906 371 3971 radices
398 3907 461 3970 duo
490 3905 612 3969 duabus
641 3926 682 3970 ex
709 3908 851 3991 partibus
878 3907 1012 3971 flumina
1040 3908 1237 4011 annuebant
1323 3916 1329 3930 '
