2738 4424
195 228 257 292 150
304 305 336 355 χ
589 245 693 300 eunii
711 246 851 302 GALLIOI

194 404 375 469 obsessione
396 423 464 470 non
485 407 573 489 prius
596 407 755 491 egendum
777 408 953 492 constituit,
976 426 1072 490 quam
1093 423 1161 470 rem
1183 402 1253 466 iru-

168 511 381 578 amentariam
403 512 590 595 expedisset
635 518 668 577 at
688 513 932 596 Vercingetorix
951 513 1060 577 castris
1082 529 1179 596 prope
1195 527 1253 592 op-

193 616 304 700 pidum
326 617 360 680 in
382 621 490 681 monte
511 619 622 702 positis
644 619 858 684 mediocribus
881 620 1001 684 circum
1023 637 1057 683 se
1072 614 1252 682 intervallis

194 723 361 805 separatim
383 723 582 807 singularum
598 725 763 789 civitatum
779 727 883 808 copies
899 724 1131 807 conlocauerat,
1153 726 1252 805 atque

195 826 343 892 omnibus
366 829 435 893 eius
457 830 526 914 iugi
548 830 682 894 collibus
705 832 877 915 occupatis,
901 850 964 913 qua
987 829 1100 913 dispici
1122 832 1253 912 poterat,

168 932 378 1003 aborribilem
400 937 537 1018 speciem
562 936 731 1020 praebebat
756 938 978 1025 principesque
1006 954 1115 999 earum
1142 934 1254 998 eivita-

193 1044 278 1125 tum,
300 1059 381 1122 quos
403 1040 465 1105 sibi
487 1041 528 1105 ad
550 1043 719 1106 consilium
741 1042 929 1126 capiendum
952 1041 1123 1125 delegerat,
1150 1039 1254 1124 prima

194 1146 266 1211 luce
289 1147 404 1212 cotidie
426 1147 467 1212 ad
489 1165 524 1213 se
545 1149 716 1214 convenire
737 1148 879 1231 iubebat,
901 1167 959 1214 seu
982 1146 1060 1230 quid
1075 1144 1253 1211 communi-

169 1253 334 1321 acandum
357 1272 415 1318 seu
438 1252 515 1335 quid
531 1253 819 1318 administrandum
833 1255 1007 1336 videretur,
1029 1271 1135 1337 neque
1149 1251 1253 1316 ullum

195 1358 260 1422 fere
288 1357 372 1422 diem
393 1358 633 1444 intermittebat,
661 1361 741 1442 quin
769 1361 908 1444 equestri
934 1360 1053 1444 proelio
1080 1357 1254 1423 interiectis

140 1531 142 1535 ,
197 1463 377 1547 sagittariis,
400 1464 478 1546 quid
498 1465 534 1528 in
550 1484 676 1549 quoque
692 1471 775 1531 esset
789 1466 888 1529 animi
910 1484 946 1528 ae
964 1465 1090 1529 virtutis
1112 1482 1254 1548 suorum,

170 1567 432 1652 sperielitaretur.
477 1574 545 1634 erat
566 1589 584 1634 e
606 1572 734 1654 regione
757 1572 866 1655 oppidi
888 1571 977 1635 collis
1000 1570 1059 1635 sub
1079 1571 1155 1654 ipsis
1169 1568 1254 1632 radi-

198 1672 287 1738 cibus
309 1676 438 1757 moutis‚
466 1677 592 1760 egregie
614 1678 758 1742 munitus
781 1683 875 1760 atque
899 1697 941 1742 ex
965 1677 1051 1740 omni
1077 1679 1166 1760 parte
1194 1675 1255 1738 cir-

198 1779 371 1860 cumcisus3
396 1799 491 1862 quem
513 1782 542 1846 si
564 1786 708 1847 tenerent
729 1783 841 1867 nostri,
865 1787 897 1846 et
919 1801 1021 1865 aquae
1035 1801 1151 1865 magna
1164 1785 1254 1864 parte

171 1891 230 1956 aet
250 1883 452 1968 pabulatione
474 1886 574 1952 libera
600 1888 791 1971 prohibituri
817 1889 923 1952 hostes
949 1887 1148 1953 videbantur.
1198 1885 1255 1950 sed

172 1992 227 2063 ais
249 1991 338 2056 locus
359 1992 516 2076 praesidio
545 1993 584 2057 ab
606 1994 657 2059 his
684 2014 749 2058 non
775 1993 901 2058 infirmo
929 1994 1103 2058 tenebatur.
1147 1996 1255 2057 tamen

199 2096 323 2160 silentio
346 2099 448 2163 noctis
471 2097 586 2164 Caesar
603 2120 644 2165 ex
660 2101 769 2165 cestris
792 2119 949 2185 egressus,
971 2099 1158 2182 priusquam
1179 2097 1255 2161 sub-

199 2202 281 2266 sidio
314 2222 356 2267 ex
383 2205 498 2288 oppido
525 2207 628 2269 veniri
654 2211 773 2290 posset,
800 2206 921 2270 deiecto
948 2205 1104 2289 praesidio
1135 2204 1255 2288 potitus

198 2306 267 2372 loce
292 2307 370 2374 duas
392 2310 438 2374 ibi
459 2311 599 2396 legiones
615 2313 793 2378 conlocavit
806 2312 986 2396 fossamque
1003 2311 1160 2396 duplicem
1176 2309 1255 2374 duo-

199 2412 318 2477 denum
339 2416 456 2499 pedum
479 2437 498 2479 a
519 2417 694 2482 maioribus
717 2420 827 2482 castris
842 2418 883 2480 ad
897 2418 1021 2482 minora
1034 2416 1195 2500 perduxit,
1219 2419 1254 2480 ut

198 2521 265 2582 tuto
289 2520 328 2584 ab
350 2524 515 2605 repenlino
531 2524 670 2588 hostium
688 2525 821 2588 incursu
835 2524 931 2588 etiam
945 2523 1064 2607 singuli
1078 2539 1253 2587 commeare

197 2631 333 2707 possent

145 2748 181 2806 37
286 2727 373 2793 Dum
402 2732 481 2797 haec
513 2734 553 2796 ad
581 2734 769 2817 Gergoviam
795 2739 963 2817 geruntur,
996 2731 1254 2797 Convictolitavis

198 2833 366 2919 Haeduus,
388 2837 439 2901 cui
462 2839 680 2922 magistratum
703 2840 918 2904 adiudicatum
940 2836 1107 2904 aansare
1123 2839 1253 2902 demon-

199 2942 379 3027 stravimus,
407 2943 592 3009 sollicitatus
615 2945 653 3009 ab
676 2946 832 3011 Arvernis
858 2945 994 3029 pecunia
1021 2964 1095 3009 cum
1122 2943 1254 3025 quibus-

199 3047 272 3112 dam
303 3049 559 3114 adulescentibus
590 3050 803 3134 conloquitur,
840 3070 976 3135 quorum
1009 3055 1077 3115 erat
1106 3050 1254 3134 princeps

198 3153 376 3220 Iitaviccus
398 3161 493 3239 atque
516 3157 585 3222 eius
606 3156 730 3240 frames,
753 3158 946 3241 amplissima
959 3157 1079 3220 familia
1093 3156 1161 3219 nati
1176 3154 1254 3218 adu-

173 3258 360 3330 alescentes.
415 3280 489 3326 cum
519 3263 570 3328 his
595 3263 769 3346 praemium
797 3263 1009 3328 communicat
1039 3262 1254 3346 hortaturque,

173 3368 236 3438 aut
261 3385 296 3430 se
322 3367 439 3433 liberos
467 3373 499 3435 et
524 3370 657 3454 imperio
683 3374 774 3434 natos
800 3370 1011 3433 meminerint
1059 3387 1157 3432 unam
1185 3384 1254 3432 esse

200 3471 408 3538 Haeduorum
430 3476 601 3559 civitatem,
625 3494 707 3559 quae
730 3476 937 3540 certissimam
953 3475 1073 3540 Gallice
1088 3473 1254 3538 victoriam

202 3579 363 3662 distineat,
387 3581 455 3644 eius
479 3583 663 3646 auctoritate
686 3582 825 3662 reliquae
840 3581 1009 3662 contineri3
1034 3599 1098 3663 qua
1111 3579 1256 3645 traducta

174 3686 306 3756 alocum
328 3687 521 3752 consistendi
542 3687 693 3751 Romanis
715 3688 750 3750 in
774 3686 875 3751 Galba
896 3705 964 3751 non
977 3687 1052 3752 fore.
1099 3705 1168 3753 esse
1190 3704 1255 3749 non

200 3791 289 3856 nullo
312 3811 346 3857 se
368 3790 508 3858 Caesaris
530 3792 685 3858 beneficio
701 3791 870 3876 adfectum,
893 3793 941 3857 sie
955 3797 1075 3875 temen,
1097 3797 1134 3857 ut
1148 3791 1256 3856 iustis-

202 3898 313 3963 simam
335 3899 420 3983 apud
446 3917 521 3963 eum
544 3917 669 3963 causum
697 3897 884 3978 obtinuerit,
913 3899 969 3963 sed
995 3899 1066 3982 plus
1094 3897 1255 3962 communi
