2738 4424
442 289 548 344 LIBER
564 291 639 346 VIII.
658 289 733 345 OAP.
753 289 873 344 22-26.
1118 271 1180 334 191

128 448 204 533 liae,
232 449 318 533 quod
344 450 392 514 ibi
421 452 572 533 quasdem
595 452 738 515 civitates
764 451 801 515 in
823 451 919 514 armis
942 468 1011 514 esse
1034 447 1184 513 audiebat

130 573 234 637 neque
257 554 289 619 Ο.
311 554 478 619 Caninium
500 555 647 621 Rebilum
674 557 827 640 legatum,
856 556 912 638 qui
938 555 973 618 in
995 554 1059 618 illis
1080 553 1184 637 regio-

129 660 226 725 nibus
249 665 326 744 erat,
349 663 424 725 satis
446 661 552 726 firmas
575 663 654 726 duas
676 662 818 746 leglenes
839 660 955 725 habere
974 658 1183 724 existimabat

129 765 162 830 Τ.
184 765 360 831 Labienum
388 766 428 831 ad
454 787 488 832 se
516 772 638 848 evocat3
670 768 828 852 legionem
855 771 962 831 autem
983 763 1071 847 XV,
1102 781 1211 847 quaes

131 891 204 936 cum
228 889 265 936 eo
288 873 389 936 tuerat
410 872 446 937 in
467 872 620 958 hibernie,
647 874 682 937 in
705 878 841 957 togatam
865 872 998 936 Galliam
1024 870 1123 935 mittit
1144 869 1182 932 ad

131 977 272 1043 colonias
294 979 412 1042 civium
430 978 645 1043 Romanorum
667 978 813 1062 tuendas,
836 997 877 1043 ne
901 977 987 1061 quod
1009 976 1113 1041 simile
1135 976 1184 1039 in-

131 1083 333 1148 commodum
355 1084 512 1148 accideret
529 1085 716 1149 decursione
733 1084 952 1165 barbarorum,
974 1101 1011 1146 ac
1025 1082 1185 1166 superiore

131 1193 248 1253 aestate
270 1188 459 1273 Tergestinis
481 1190 650 1274 acciderat,
679 1192 733 1274 qui
759 1190 923 1273 repentino
950 1187 1116 1253 latrocinio
1139 1190 1185 1250 at-

133 1313 194 1378 que
216 1295 336 1379 impetu
358 1294 541 1377 Illyriorum
563 1300 652 1360 erant
674 1297 823 1379 oppressi
863 1296 931 1378 ipse
954 1293 995 1357 ad
1017 1292 1211 1357 vastandosr

132 1399 431 1484 depopulandosque
450 1399 531 1465 fines
545 1400 739 1486 Ambiorigis
753 1400 975 1485 proficiscitur3
999 1418 1094 1483 quem
1115 1417 1185 1482 per·

132 1506 275 1570 territum
298 1525 334 1569 ac
353 1506 527 1589 fugientem
550 1526 622 1571 cum
645 1506 747 1590 redigi
769 1526 860 1590 posse
884 1506 918 1570 in
936 1525 1028 1570 suam
1049 1509 1186 1589 potesta·

132 1616 196 1673 tem
219 1610 425 1693 desperasset,
453 1612 634 1694 proximum
663 1631 738 1677 suae
766 1612 927 1696 dignitatis
954 1631 1022 1676 esse
1045 1611 1186 1694 ducebat,

132 1714 210 1778 adeo
233 1712 313 1780 fines
336 1717 405 1780 eius
419 1721 542 1781 vastare
564 1717 701 1800 civibus,
723 1718 886 1800 aedificiis,
909 1736 1035 1801 pecore,
1056 1721 1094 1781 ut
1113 1716 1184 1780 odio

131 1838 261 1883 suorum
284 1821 466 1906 Ambiorix,
492 1822 520 1886 si
543 1841 622 1905 quos
643 1823 768 1887 forbma
790 1823 929 1906 reliquos
951 1823 1087 1904 fecisset,
1112 1823 1185 1885 nul-

133 1924 202 1987 lum
223 1926 360 1990 reditum
381 1931 508 2010 propter
529 1931 633 1991 tantas
655 1928 846 1992 calamttates
867 1927 997 1992 haberet
1018 1927 1053 1990 in
1076 1927 1185 1990 civita·

134 2035 205 2093 tem.
244 2028 323 2094 (lum
342 2032 377 2095 in
394 2050 504 2097 omnes
517 2036 622 2117 partes
636 2031 750 2096 finium
766 2033 961 2116 Ambiorigis
976 2037 1031 2096 aut
1045 2032 1185 2115 legiones
1201 2041 1238 2097 25

131 2139 186 2199 aut
212 2137 333 2202 auxilia
361 2136 531 2202 dimisisset
561 2143 656 2221 atque
687 2139 794 2202 omnia
826 2137 988 2221 caedibus,
1019 2137 1184 2221 incendite,

131 2242 250 2324 rapinis
272 2246 436 2325 vastasset,
462 2262 576 2328 magno
598 2261 731 2308 numero
759 2243 925 2308 hominum
946 2243 1108 2308 interfecto
1130 2247 1185 2308 aut

132 2351 222 2430 capto
236 2347 413 2413 Labienum
432 2367 506 2412 cum
521 2348 645 2413 duabus
660 2349 836 2433 legionibus
855 2348 891 2412 in
905 2349 1056 2413 Treveros
1075 2348 1182 2430 mittit;

134 2471 271 2535 quorum
298 2454 409 2519 civitas
434 2459 562 2539 propter
585 2452 771 2520 Germaniae
797 2454 991 2519 vicinitatem
1019 2454 1211 2518 cotidianisa

133 2559 305 2624 exercitata
326 2559 418 2625 bellis
440 2560 528 2625 cultu
549 2559 724 2626 alteritate
745 2578 812 2624 non
829 2560 965 2625 multum
983 2581 1002 2625 a
1020 2558 1185 2624 Germanis

133 2663 296 2730 differebat
320 2683 425 2747 neque
449 2666 601 2750 imperata
631 2685 784 2748 umquam
814 2666 878 2730 nisi
908 2667 1052 2730 exercitu
1078 2670 1186 2730 coacta

132 2767 273 2834 faciebat
655 2750 659 2765 X

221 2875 352 2939 Interim
379 2874 412 2941 0.
436 2874 587 2942 Caninius
612 2877 747 2960 legatus,
774 2895 847 2942 cum
873 2896 1020 2961 magnam
1042 2877 1184 2940 multitu·
1201 2885 1239 2940 ee

135 2979 243 3044 dinem
265 2982 450 3047 convenisse
471 2983 611 3046 hostium
630 2983 664 3045 in
682 2980 762 3046 fines
780 2982 949 3046 Pictonum
971 2982 1084 3047 litteris
1102 3000 1185 3044 nun·

134 3085 249 3168 titoque
271 3083 398 3150 Duratii
420 3092 634 3172 cognosceret,
657 3089 713 3170 qui
730 3092 881 3171 perpetuo
903 3089 938 3150 in
956 3087 1095 3151 amicitia
1115 3105 1185 3170 per·

134 3194 292 3255 manserat
317 3189 545 3276 Romanorum,
572 3210 646 3255 oum
671 3211 744 3276 pars
771 3192 927 3275 quaedam
954 3192 1089 3268 civitatis
1116 3193 1185 3256 eius

135 3296 311 3380 defecisset,
341 3296 382 3360 ad
412 3297 563 3381 oppidum
593 3295 768 3360 Lemonum
799 3297 968 3362 contendit
1017 3316 1080 3379 quo
1111 3315 1214 3362 cuma

135 3402 318 3467 adventaret
344 3406 438 3485 atque
470 3421 512 3467 ex
542 3402 674 3486 captivis
701 3403 818 3466 certius
849 3407 1052 3485 cognosceret
1077 3403 1186 3466 multis

134 3508 299 3571 hominum
325 3507 453 3572 milibus
479 3528 498 3571 a
523 3505 702 3592 Dumnaco,
730 3507 809 3572 duce
835 3507 990 3591 Andium,
1016 3506 1186 3572 Duratium

136 3613 278 3678 clausum
292 3613 424 3678 Lemoni
446 3613 621 3698 oppugnari
643 3631 748 3697 neque
767 3613 908 3678 infirmas
929 3613 1068 3696 legiones
1090 3614 1187 3678 hosti-

136 3720 197 3785 bus
219 3721 412 3784 commIttere
429 3719 568 3802 auderet,
591 3723 692 3783 castra
709 3720 815 3803 posuit
831 3720 900 3784 loco
918 3721 1049 3784 munito.
1086 3718 1216 3784 Dum-e

136 3845 248 3909 naeus,
283 3845 357 3890 cum
388 3825 642 3909 adpropinquare
674 3823 845 3888 Caninium
876 3830 1053 3909 cognosset,
1088 3826 1188 3910 copiis

138 3932 284 3997 omnibus
311 3931 351 3996 ad
377 3932 518 4016 legiones
545 3932 704 3995 conversis
727 3935 828 3995 castra
849 3929 1066 3995 Romanorum
1088 3951 1190 4016 oppu-
