2738 4424
459 259 566 314 LIBER
582 260 618 315 H.
637 260 713 316 OAP.
733 259 854 316 24-28.
1143 245 1185 308 45

126 419 242 486 fortius
262 439 406 504 pugnare
428 426 606 506 coeperunt.
644 424 771 486 interim
786 423 903 488 milites
924 422 1087 507 legionum
1110 421 1213 496 dua-³

127 546 216 609 rum,
248 545 328 610 quae
360 528 395 590 in
418 529 590 592 novissimo
623 530 748 611 agmine
771 528 928 612 praesidio
955 528 1187 612 impedimentis

127 631 268 717 inrorant,
289 633 408 716 proelio
431 635 576 698 nuntiato
593 654 687 698 cursu
710 636 839 698 incitato
855 635 888 698 in
904 654 1028 698 summo
1052 633 1132 698 colle
1147 633 1185 698 ab

128 737 275 804 hostibus
301 739 589 823 conspiciebantur,
617 745 649 805 et
673 741 705 804 Τ.
728 740 886 805 Labienus
914 741 1023 804 castris
1049 740 1214 814 hostiumr

128 845 249 932 potitus
276 849 308 909 et
330 862 372 909 ex
393 845 463 910 loco
491 848 662 931 superiore,
695 865 776 929 quae
807 866 858 911 res
883 847 918 910 in
940 847 1056 910 nostris
1078 846 1187 910 castris

130 955 325 1037 gererentur,
351 952 553 1035 conspicatus
574 952 616 1017 X.
639 953 799 1036 legionem
825 952 967 1017 subsidio
990 951 1106 1016 nostris
1128 951 1187 1014 mi·

130 1059 182 1123 sit
228 1058 283 1140 qui
306 1076 380 1120 oum
403 1077 445 1122 ex
467 1059 610 1140 equitum
635 1064 667 1122 et
689 1059 837 1123 calonum
862 1058 950 1142 fuga,
974 1076 1037 1141 quo
1059 1057 1214 1132 in10005

129 1181 183 1228 res
206 1168 288 1229 esset
310 1168 494 1246 quantoque
525 1165 560 1226 in
580 1165 721 1248 periculo
754 1170 786 1229 et
812 1171 914 1228 castra
940 1170 972 1230 et
993 1165 1134 1248 legiones
1157 1167 1189 1228 et

130 1270 301 1354 imperator
326 1274 513 1354 versaretur,
541 1271 775 1354 cognovissent,
812 1271 893 1334 nihil
927 1270 967 1333 ad
998 1270 1188 1334 celeritatem

131 1374 193 1440 sibi
216 1375 332 1458 reliqui
353 1375 504 1439 iecerunt
548 1375 672 1440 Horum
697 1377 835 1441 adventu
859 1382 946 1442 tanta
972 1396 1081 1441 rerum
1103 1395 1188 1440 com·
1205 1398 1240 1455 gg

130 1482 264 1546 mutatio
292 1485 340 1546 est
365 1481 460 1563 facta,
492 1486 529 1546 ut
554 1484 665 1566 nostri,
698 1484 794 1547 etiam
822 1484 878 1565 qui
903 1483 1091 1548 vulneribus
1114 1501 1188 1546 con·

131 1586 207 1652 fecti
227 1587 482 1673 procubuissent,
505 1589 602 1652 scutis
624 1590 731 1653 innixi
753 1590 908 1673 proelium
929 1590 1189 1674 redintegrarent,

133 1693 260 1758 calones
291 1695 471 1778 perterritos
503 1695 608 1759 hostes
640 1697 812 1779 conspicati
844 1697 940 1761 etiam
971 1698 1108 1761 inermes
1140 1715 1189 1758 ar-

132 1800 226 1864 matis
241 1805 454 1882 occurrerent,
471 1801 593 1884 equites
607 1820 696 1883 vero,
719 1807 756 1865 ut
769 1802 1000 1885 turpitudinem
1014 1802 1108 1885 fugae
1123 1802 1215 1873 vir-2

133 1908 201 1970 tute
225 1904 378 1988 delerent,
406 1906 553 1971 omnibus
578 1907 613 1969 in
639 1907 717 1970 locis
745 1908 915 1990 pugnando
943 1927 977 1972 se
1004 1907 1186 1990 legionariis

133 2010 288 2076 militibus
319 2011 532 2096 praeferrent..
567 2016 599 2075 at
629 2012 735 2076 hostes
767 2015 862 2077 enam
892 2014 928 2075 in
960 2019 1102 2077 extrema
1132 2030 1214 2096 spes

134 2116 244 2181 salutis
270 2121 392 2181 tantam
414 2118 563 2181 virtutem
585 2118 821 2202 praestiterunt,
848 2123 897 2197 ut,
924 2138 998 2182 cum
1019 2119 1114 2202 primi
1137 2138 1188 2182 eo·

133 2242 205 2287 rum
228 2223 428 2305 occidissent,
456 2224 594 2307 proximi
620 2223 795 2287 iacentibus
821 2225 1004 2288 insisterent
1030 2229 1123 2306 atque
1146 2243 1188 2288 ex

135 2346 244 2393 eorum
271 2329 456 2412 corporibus
482 2333 672 2413 pugnarent,
704 2329 753 2393 his
781 2330 910 2394 deiectis
937 2336 970 2394 et
996 2331 1214 2400 coacervatisr

134 2433 353 2519 cadaveribus,
376 2436 432 2517 qui
447 2440 658 2520 superessent,
680 2441 718 2498 ut
733 2455 774 2500 ex
789 2436 911 2499 tumulo
931 2437 992 2500 tela
1014 2437 1049 2499 in
1063 2442 1188 2501 nostros

135 2541 292 2605 coicerent
323 2545 355 2604 et
384 2541 451 2626 pila
481 2542 654 2624 intercepta
685 2542 894 2606 remitterent:
927 2547 1054 2607 utnon
1077 2543 1214 2625 nequi-5

136 2665 231 2729 quam
252 2651 358 2710 tantae
380 2648 506 2710 virtutis
528 2647 672 2711 homines
699 2648 833 2711 iudicari
856 2647 982 2713 deberet
1004 2668 1097 2713 ausos
1119 2666 1188 2714 esse

135 2753 269 2818 transire
300 2752 491 2816 latissimum
522 2751 655 2835 flumen,
694 2754 862 2818 ascendere
900 2755 1065 2819 altissimas
1096 2756 1188 2839 ripas,

136 2857 242 2923 subire
272 2859 507 2941 iniquissimum
538 2858 656 2939 looum;
691 2877 771 2940 quae
803 2860 905 2923 facilia
928 2878 970 2923 ex
995 2860 1187 2925 difficillimis

136 2965 235 3028 animi
261 2963 444 3047 magnitudo
471 2964 642 3047 redegerat.
687 2964 758 3028 Hoc
784 2966 903 3048 proelio
929 2966 1011 3030 facto
1039 2971 1071 3030 et
1091 2985 1187 3050 prope
1205 2982 1240 3039 28

136 3069 176 3133 ad
198 3070 446 3135 internecionem
468 3074 561 3153 gente
577 3088 613 3132 ac
628 3071 756 3133 nomine
770 3070 962 3135 Nerviorum
980 3071 1106 3135 redacto
1122 3090 1188 3133 ma-

136 3175 219 3241 iores
233 3181 318 3258 natu,
334 3194 414 3257 quos
429 3195 495 3239 una
509 3194 583 3238 cum
597 3177 703 3258 pueris
719 3177 969 3257 mulieribusque
984 3176 1019 3238 in
1034 3177 1188 3241 aestuaria

137 3301 174 3346 ac
194 3281 326 3366 paludes
349 3281 507 3345 coniectos
531 3281 724 3363 dixeramus,
747 3282 806 3345 hac
820 3301 928 3365 pugna
939 3283 1091 3363 nuntiata,
1114 3302 1188 3346 cum

136 3387 309 3452 victoribus
331 3386 414 3450 nihil
436 3387 635 3469 impeditum,
658 3387 750 3450 victis
772 3386 853 3449 nihil
877 3391 980 3449 tutum
1003 3387 1189 3452 arbitraren-

137 3497 199 3576 tur,
221 3493 374 3574 omnium,
398 3492 453 3574 qui
477 3497 670 3576 supererant,
694 3512 851 3557 consensu
872 3492 993 3575 legatos
1016 3492 1056 3557 ad
1078 3493 1216 3563 Caesa-2

136 3620 205 3666 rom
227 3600 384 3662 miserunt
405 3617 502 3680 seque
526 3599 555 3660 ei
578 3597 779 3682 dediderunt,
803 3605 834 3661 et
855 3599 890 3661 in
916 3599 1190 3663 commemoranda

138 3705 274 3769 civitatis
296 3704 471 3767 calamitate
495 3722 536 3766 ex
558 3700 614 3765 DC
636 3703 676 3766 ad
693 3708 756 3766 tres
772 3708 944 3787 senatores,
968 3723 1009 3767 ex
1024 3705 1191 3769 hominum

138 3811 267 3874 milibus
297 3808 357 3874 LX
387 3810 444 3871 rix
474 3808 515 3871 ad
545 3807 588 3894 D,
628 3810 683 3890 qui
717 3828 804 3871 arma
833 3809 914 3873 ferre
945 3815 1086 3892 possent,
1122 3829 1190 3876 seso

138 3917 282 3982 redactos
318 3933 387 3980 esse
424 3913 582 3979 dixerunt.
643 3934 721 3999 quos
758 3913 883 3998 Caesar,
920 3921 957 3980 ut
991 3917 1026 3979 in
1060 3917 1219 3983 miserosa
