2738 4424
309 389 318 405 ν
376 309 562 366 1111111111.
582 309 657 365 cap.
677 308 879 365 11-1.111>.
900 310 923 364 1.
1135 288 1177 356 sl

119 472 217 538 silvas
239 471 439 556 abdiderant,
462 491 496 537 se
519 472 560 535 ad
582 470 748 536 Caesarem
767 475 961 553 receperunt
1008 469 1121 534 Caesar
1145 472 1205 541 ina

122 577 230 662 Belgis
261 580 405 643 omnium
436 578 597 661 legionum
631 576 765 640 hiberna
801 577 971 640 constituit
1026 596 1063 640 co
1096 578 1178 642 duae

121 685 251 749 omniuo
275 684 417 748 civitates
440 702 482 748 ex
506 667 818 747 Britannia‘obsides
842 685 1008 757 misertim,
1038 685 1178 763 reliquae

122 790 340 875 neglexerunt
387 791 435 854 bis
458 789 553 854 rebus
576 791 673 873 gestis
696 808 737 852 ex
760 791 873 852 litteris
890 787 1031 853 Caesaris
1054 789 1206 858 dicrums

122 893 191 960 XX
212 896 398 980 supplicatio
421 915 442 961 a
462 902 576 960 senatu
599 895 726 960 decreta
748 903 803 959 est

400 1315 404 1322 -
438 1263 475 1332 (l.
498 1263 617 1331 IULII
640 1261 861 1328 CAESARIS

401 1407 591 1482 BELLI
627 1404 896 1484 GALLIOI

506 1563 614 1618 111111
631 1561 795 1630 oumrus.

210 1741 244 1808 n
267 1741 421 1825 Domitio,
443 1742 503 1825 Ap.
520 1741 653 1806 Claudio
677 1741 863 1806 consulibus
878 1741 1045 1808 discedens
1068 1742 1106 1807 ab
1129 1743 1214 1817 hl-1

121 1847 232 1913 bernis
254 1848 370 1913 Caesar
395 1848 430 1911 in
452 1846 590 1928 ltaliam,
616 1851 655 1911 ut
677 1849 847 1930 quotannis
873 1848 976 1912 facere
1003 1856 1178 1934 consuerat,

122 1954 234 2036 legatis
264 1954 410 2036 imperat,
442 1971 523 2036 quos
549 1952 732 2035 legionibus
758 1953 961 2036 praefecerat,
994 1954 1053 2037 uti,
1082 1944 1178 2037 quam

122 2059 277 2143 plurimas
299 2059 434 2142 possint,
456 2058 561 2123 hieme
584 2077 681 2122 naves
699 2058 911 2124 aedificandas
925 2066 1112 2143 veteresque
1127 2080 1178 2127 re·

122 2164 274 2230 ficiendas
297 2169 417 2229 curent
463 2182 572 2229 earum
594 2163 726 2227 modum
754 2165 950 2246 formamque
977 2166 1205 2234 demonstrata

122 2271 164 2335 ad
186 2270 379 2337 celeritatem
406 2269 561 2356 onerandi
588 2268 870 2353 subductionisque
899 2270 992 2353 paulo
1019 2272 1093 2335 facit
1120 2273 1177 2336 hu·

121 2377 276 2460 milioreS,
303 2395 399 2460 quam
427 2375 544 2458 quibus
566 2375 601 2438 in
627 2381 736 2439 nostro
764 2377 844 2438 mari
871 2377 919 2439 uti
946 2378 1179 2461 consuevimus,

122 2488 217 2567 atque
241 2482 275 2546 id
298 2502 335 2548 eo
358 2483 473 2566 magis,
502 2481 588 2564 quod
610 2487 738 2564 propter
765 2480 889 2546 crebras
916 2484 1177 2548 commutationes

121 2594 267 2653 aestuum
293 2589 399 2652 minus
426 2605 559 2670 magnos
590 2586 637 2649 ibi
663 2585 780 2650 fluctus
807 2585 877 2650 fieri
903 2594 1106 2671 cognoverat,
1138 2591 1178 2654 ad

123 2713 220 2760 onera
242 2712 279 2758 ac
300 2692 539 2758 multitudinem
561 2693 775 2756 iumentorum
790 2694 1061 2777 transportandam
1083 2696 1178 2779 paulo

122 2800 262 2883 latiores,
289 2819 385 2884 quam
413 2798 530 2882 quibus
556 2799 591 2861 in
618 2799 749 2882 reliquis
776 2801 896 2863 utimur
922 2801 1072 2864 maribus.
1122 2803 1206 2869 hasa

123 2924 234 2969 omnes
265 2905 420 2968 actuarias
457 2905 592 2988 imperat
626 2903 708 2987 fieri,
743 2924 840 2986 quam
871 2905 912 2968 ad
943 2925 1010 2970 rem
1040 2907 1179 2970 multum

123 3011 285 3074 humilitas
309 3010 446 3073 adiuvat
484 3029 535 3092 ea,
559 3028 640 3092 quae
655 3016 732 3074 sunt
747 3012 820 3074 usui
836 3011 877 3074 ad
891 3012 1057 3075 armandas
1072 3030 1178 3095 naves,
1191 3034 1206 3077 1

124 3135 166 3182 ex
197 3114 352 3198 Hispania
370 3114 543 3198 'adportari
574 3115 670 3180 iubet
720 3117 786 3198 ipse
813 3114 1025 3179 conventibus
1057 3115 1206 3181 Gallicae

125 3221 279 3286 citerioris
293 3220 427 3303 peractis
442 3221 477 3282 in
491 3219 656 3300 Illyricum
670 3220 893 3304 proficiscitur,
910 3221 994 3304 quod
1010 3241 1029 3285 a
1044 3222 1179 3286 Pirustis

124 3327 292 3391 finitimam
307 3330 427 3408 partem
442 3325 624 3408 provinciae
639 3325 873 3388 incursionibus
888 3327 1005 3390 vastari
1023 3326 1178 3391 audiebat

125 3452 163 3499 eo
187 3450 260 3496 cum
283 3429 433 3511 venisset,
456 3428 639 3493 civitatibus
661 3431 776 3494 milites
798 3432 930 3510 imperat
945 3440 1130 3515 certumque
1146 3435 1206 3500 1111

125 3538 232 3602 locum
254 3535 425 3600 convenire
447 3533 543 3599 iubet
589 3552 653 3616 qua
673 3554 707 3600 re
730 3537 876 3600 mmtiata
894 3538 1039 3602 Pirustae
1062 3540 1206 3622 legatosr

127 3643 167 3708 ad
191 3661 265 3706 eum
286 3641 430 3723 mittunt,
454 3641 510 3723 qui
533 3640 667 3704 doceant
688 3642 769 3704 nihil
792 3662 901 3706 aarum
924 3663 1029 3707 rerum
1053 3645 1180 3727 publico

126 3750 246 3813 factum
269 3746 403 3812 consilio
431 3764 562 3830 seseque
589 3752 713 3830 paratos
740 3743 808 3813 Osse
836 3749 1052 3814 demonstrent
1079 3751 1181 3815 omui·

128 3854 188 3919 bus
210 3851 384 3917 rationibus
412 3853 451 3915 de
478 3853 605 3916 iniuriis
632 3853 819 3919 satisfacere.
865 3865 1011 3939 percepta
1038 3858 1207 3924 orationes

128 3978 238 4025 eorum
273 3957 386 4023 Caesar
417 3957 542 4022 obsides
572 3959 707 4042 imperat
738 3978 856 4045 eosque
883 3960 923 4025 ad
954 3969 1070 4026 certam
1097 3963 1181 4027 diem

172 4080 261 4133 cam,
276 4079 302 4122 s.
316 4077 373 4122 eni
1010 4083 1034 4135 1
