2738 4424
190 213 234 276 44
586 230 691 286 nourr
708 230 848 288 samer
904 219 910 224 ’

190 389 266 455 tutis
289 392 394 476 opinio
423 398 470 458 est
497 394 680 477 singularis,
711 396 768 477 qui
799 395 911 459 auxilii
943 414 1037 460 causa
1068 414 1088 458 a
1120 393 1248 458 civitate

190 496 279 560 missi
305 498 346 562 ad
368 498 531 565 Caesarem
564 505 730 579 venerant,
768 488 854 565 cum'
871 501 1075 566 multitudine
1107 499 1248 563 hostium

190 607 291 666 castra
314 601 442 690 [nostra]
467 606 631 690 compleri,
653 607 793 691 legiones
815 608 917 691 premi
939 612 971 672 et
992 624 1091 690 paene
1112 606 1247 669 circum·

189 713 299 773 ventas
314 712 423 793 teneri,
447 711 582 796 calones,
605 714 736 796 equites,
755 712 940 796 funditores,
955 712 1111 777 Numidas
1127 710 1246 793 disper-

190 832 241 878 sos
264 813 492 901 dissipatosque
515 819 550 882 in
565 837 675 884 omnes
693 823 797 904 partes
819 819 927 903 fugere
943 818 1112 900 vidissent,
1135 815 1246 899 despe-

162 921 265 986 aratis
287 925 403 988 nostris
425 924 520 989 rebus
543 925 673 989 domum
695 922 939 990 contenderunt:
962 923 1122 988 Romanos
1136 921 1245 1005 pulsos

189 1033 426 1113 superatosque,
453 1032 562 1095 castris
589 1031 888 1116 impedimentisque
920 1050 1030 1095 eorum
1056 1030 1162 1093 hostes
1188 1046 1245 1111 po·

135 1133 262 1200 asotos
294 1135 414 1199 civitati
444 1137 715 1202 renuntiaverunt
763 1136 878 1202 Caesar
904 1135 943 1200 ab
965 1135 1007 1201 X„
1030 1135 1165 1219 legionis
1192 1151 1244 1197 co·

188 1239 362 1306 hortatione
389 1241 429 1306 ad
456 1243 604 1306 dextrum
631 1261 732 1308 cornu
758 1241 928 1327 profectus,
955 1240 1013 1305 ubi
1040 1259 1114 1305 suos
1136 1239 1244 1322 urgeri

187 1345 348 1428 signisque
379 1348 414 1411 in
445 1367 546 1412 unum
577 1349 684 1412 locum
711 1349 844 1413 conlatis
867 1347 940 1412 ΧΠ
964 1347 1098 1431 legionis
1121 1343 1243 1409 confer-

187 1454 236 1513 tos
258 1451 374 1516 milites
396 1453 457 1516 sibi
479 1455 563 1537 ipsos
585 1453 626 1518 ad
647 1474 787 1538 pugnam
810 1472 879 1519 esse
903 1453 1130 1537 impedimento
1153 1450 1242 1534 vidit

187 1560 315 1636 quartae
343 1557 478 1622 cohortis
505 1559 653 1623 omnibus
680 1559 918 1624 centurionibus
942 1558 1066 1639 occisis,
1094 1555 1241 1640 signifero

186 1661 362 1747 interiecto,
398 1664 488 1747 signo
525 1665 653 1745 amisso,
691 1665 885 1747 reliquarum
922 1664 1098 1728 cohortium
1139 1661 1241 1725 omni·

185 1766 246 1830 bus
267 1768 331 1834 fere
356 1769 593 1834 centurionibus
621 1774 677 1834 aut
703 1771 877 1834 vulneratis
904 1774 958 1833 aut
980 1768 1106 1851 occisis,
1133 1767 1169 1832 in
1190 1766 1241 1831 his

185 1873 343 1957 primipilo
365 1873 400 1938 P.
424 1872 531 1940 Sextio
553 1875 687 1960 Baculo,
709 1875 879 1939 fortissimo
903 1875 984 1958 viro,
1006 1868 1114 1937 multis
1136 1872 1240 1956 gravi·

185 1977 308 2062 busque
323 1979 510 2044 vulneribus
525 1981 676 2064 confecto,
694 1982 808 2045 utiam
825 1999 858 2045 se
874 1981 1030 2045 sustinere
1044 1996 1112 2042 non
1125 1983 1239 2062 posset,

184 2085 324 2170 reliquos
346 2105 415 2151 esse
442 2087 594 2152 tardiores
621 2091 653 2152 et
680 2105 746 2151 non
771 2086 876 2151 nullos
903 2085 942 2150 ab
970 2084 1152 2149 novissimis
1184 2084 1239 2148 de-

184 2197 267 2256 serto
289 2192 359 2256 loco
378 2194 496 2276 proelio
520 2193 672 2258 excedere
695 2212 732 2256 ao
754 2194 817 2257 tela
839 2194 950 2274 vitare,
972 2192 1077 2255 hostes
1098 2206 1238 2272 nequeo

183 2297 285 2362 fronte
308 2317 349 2362 ex
370 2299 517 2365 interiore
539 2300 608 2364 loco
632 2299 804 2364 subeuntes
826 2298 1034 2363 intermittere
1049 2300 1082 2361 et
1096 2295 1135 2359 ab
1151 2300 1238 2359 ntro-

185 2421 245 2484 que
268 2403 364 2469 latere
391 2406 508 2469 instare
536 2410 567 2470 et
588 2425 655 2470 rem
687 2423 755 2469 esse
786 2405 821 2467 in
853 2408 984 2488 angusto
1007 2401 1102 2485 vidit,
1131 2419 1237 2484 neque

157 2508 285 2576 aullurn
317 2527 384 2574 esse
415 2510 604 2595 subsidium,
636 2511 722 2593 quod
753 2509 897 2574 submitti
927 2511 1044 2592 posset,
1076 2512 1165 2572 scuto
1194 2505 1239 2570 ab¹

182 2614 362 2677 novissimis
386 2613 465 2700 [uni]
488 2616 583 2680 militi
605 2616 757 2698 detracto,
785 2615 872 2697 quod
898 2616 965 2698 ipse
992 2632 1029 2678 eo
1052 2613 1122 2677 sine
1144 2617 1235 2676 scuto

182 2724 323 2801 venerat,
345 2720 382 2783 in
403 2722 537 2804 primam
560 2722 659 2786 aciem
678 2722 831 2806 prooessit
852 2717 1154 2800 centurionibusque
1176 2735 1235 2780 no-

181 2825 325 2888 minatim
347 2826 508 2910 appellatis
538 2826 678 2909 reliquos
710 2827 889 2891 cohortatus
920 2825 1036 2889 milites
1067 2823 1158 2905 signa
1184 2821 1235 2884 in-

180 2930 261 2995 fame
284 2935 316 2995 et
338 2931 514 3014 manipulos
540 2932 649 2996 laxare
675 2932 782 3013 iussit,
810 2950 873 3013 quo
900 2930 1024 2994 facilius
1051 2927 1163 3013 gladiis
1185 2927 1234 2992 uti

154 3041 315 3119 spossent
339 3039 429 3101 cuius
452 3038 590 3101 adventu
607 3057 661 3121 spe
683 3038 783 3101 inlata
797 3037 952 3101 militibus
968 3050 1005 3100 ac
1019 3034 1234 3118 redintegrato

181 3143 295 3226 animo,
318 3161 390 3206 cum
411 3162 466 3226 pro
482 3162 516 3208 se
532 3144 667 3227 quisque
688 3144 723 3207 in
738 3148 909 3226 conspectu
924 3140 1123 3226 imperatoris
1139 3141 1234 3204 etiam

180 3247 213 3310 in
241 3248 391 3313 extremis
418 3250 485 3312 suis
511 3249 606 3313 rebus
633 3268 759 3332 operam
786 3266 902 3312 navare
930 3252 1070 3331 cuperet,
1102 3246 1236 3329 paulum¹

126 3367 162 3423 26
180 3353 317 3417 hostium
343 3354 480 3437 impetus
506 3355 647 3419 tardatus
674 3360 729 3419 est
780 3351 905 3435 Caesar,
932 3372 1006 3416 oum
1032 3351 1104 3416 VII.
1135 3351 1234 3433 legio·

180 3477 266 3543 nem,
293 3479 375 3542 quae
396 3462 487 3524 iuxta
509 3461 704 3542 constiterat,
730 3461 807 3523 item
829 3459 935 3542 urgeri
962 3457 1001 3521 ab
1023 3458 1113 3521 hoste
1134 3454 1234 3518 vidis·

180 3570 241 3645 set,
267 3565 411 3629 tribunos
432 3566 569 3630 militum
595 3567 731 3647 monuit,
758 3572 795 3630 ut
820 3566 972 3649 pardatim
999 3581 1066 3627 sese
1092 3561 1233 3644 legiones

152 3670 406 3753 aconiungerent
432 3675 464 3735 et
486 3689 638 3735 conversa
660 3673 751 3755 signa
778 3672 814 3734 in
836 3670 940 3734 hostes
963 3668 1121 3732 inferrent
1168 3682 1231 3745 quo

178 3774 258 3837 facto
282 3796 355 3839 cum
378 3776 448 3840 aliis
470 3776 526 3839 alii
544 3776 721 3840 subsidium
741 3777 860 3841 ferrent
882 3792 986 3857 neque
1008 3773 1168 3850 timerent,
1191 3786 1232 3832 ne

178 3882 280 3945 aversi
307 3881 346 3944 ab
374 3881 463 3945 hoste
495 3883 811 3966 circumvenirentur,
843 3880 995 3944 audacius
1022 3876 1168 3941 resistere
1195 3891 1233 3936 ao
