2738 4424
467 286 574 343 LIBER
590 287 655 345 1111.
674 287 750 345 OAP.
769 288 889 345 22-25.
1166 275 1207 340 75

148 447 190 514 tis
220 447 345 514 ancoris
371 447 498 515 circiter
522 449 612 514 milio
638 469 790 534 passuum
812 449 877 514 VII
907 449 947 514 ab
976 463 1013 515 eo
1039 449 1109 515 loco
1136 470 1208 535 pro·

150 572 277 639 gressus
299 558 406 638 aperto
429 573 466 618 ao
487 555 582 639 plano
598 554 690 620 libore
704 573 804 621 naves
819 556 990 620 constituit
1023 556 1067 620 At
1081 555 1208 621 barbari
1225 566 1261 624 24

150 659 284 725 consilio
307 659 525 724 Romanorum
547 661 675 744 cognito
698 661 872 745 praemisso
896 662 1041 745 equitatu
1068 665 1100 726 et
1126 680 1209 727 esse-

150 763 262 848 dariis,
285 785 348 849 quo
370 765 558 850 plerumque
581 784 694 850 genere
720 767 756 830 in
777 767 907 851 proeliis
933 768 982 831 uti
1005 771 1209 854 consuerunt,

149 871 285 954 reliquis
307 871 405 955 copiis
427 870 591 936 subsecuti
617 875 741 936 nostros
767 872 903 936 navibus
930 872 1038 957 egredi
1063 871 1209 956 prohibe-

150 974 234 1041 bant
280 982 347 1042 erat
369 977 409 1042 ob
432 978 489 1041 has
512 996 624 1042 causas
646 997 769 1042 summa
793 977 975 1063 difficultas,
1003 978 1090 1063 quod
1111 997 1235 1052 naves2

149 1087 277 1167 propter
298 1083 549 1168 magnitudinem
571 1083 636 1148 nisi
657 1084 693 1148 in
715 1083 778 1147 alto
801 1084 954 1148 constitui
975 1103 1041 1148 non
1054 1088 1208 1169 poterant,

149 1188 304 1254 militibus
327 1195 434 1254 autem
456 1189 573 1273 ignotis
598 1189 690 1273 locis,
718 1181 878 1274 impeditis
904 1189 1065 1273 manibus,
1091 1210 1207 1274 magno

150 1299 183 1360 et
203 1295 294 1380 gravi
317 1314 412 1361 onere
434 1314 595 1359 armorum
616 1296 734 1380 pressis
757 1295 855 1360 simul
878 1296 972 1361 etde
995 1295 1130 1361 navibus
1154 1297 1208 1363 de·

148 1400 320 1465 siliendum
347 1402 435 1467 etin
461 1399 611 1466 fluctibus
638 1401 877 1466 consistendum
904 1406 1035 1466 etcum
1062 1402 1207 1468 hostibus

149 1511 218 1571 erat
242 1507 462 1592 pugnandum,
489 1526 562 1572 cum
589 1507 637 1570 illi
663 1512 718 1572 aut
745 1526 788 1572 ex
814 1509 902 1573 arido
934 1512 989 1572 aut
1013 1508 1146 1592 paulum
1172 1509 1233 1581 ina

148 1631 263 1696 aquam
290 1614 446 1697 progressi
474 1612 623 1677 omnibus
653 1613 805 1678 membris
831 1614 1001 1698 expeditis,
1031 1615 1206 1681 notissimis

147 1716 226 1782 locis
241 1719 391 1783 audacter
405 1718 468 1784 tela
483 1719 641 1783 coicerent
659 1723 691 1783 et
706 1738 805 1802 equos
819 1719 1012 1785 insuefactos
1026 1720 1204 1786 incitarent.

148 1822 267 1905 quibus
288 1823 384 1889 rebus
405 1825 507 1889 nostri
528 1825 687 1908 perterriti
708 1830 804 1908 atque
824 1826 919 1890 huius
934 1826 1064 1891 omnino
1078 1829 1231 1911 generisi

146 1946 273 2013 pugnae
294 1929 432 2014 imperiti
452 1948 519 1994 non
546 1930 655 1993 eadem
682 1930 842 1995 alacritate
868 1951 905 1995 ac
932 1931 1051 2015 studio,
1079 1951 1142 2014 quo
1169 1934 1204 1996 in

146 2033 346 2118 pedestribus
367 2036 416 2099 uti
437 2035 565 2120 proeliis
588 2039 789 2117 consuerant,
812 2036 990 2101 utebantur.
1036 2034 1127 2112 Quod
1146 2037 1203 2102 ubi
1220 2057 1256 2114 25
1296 2041 1297 2045 ’

146 2139 263 2205 caesar
293 2140 529 2223 animadvertit,
561 2159 659 2206 naves
690 2141 815 2225 longas,
853 2162 988 2225 quarum
1019 2147 1051 2208 et
1082 2144 1203 2226 species

145 2251 213 2311 erat
238 2245 381 2312 barbaris
410 2247 594 2311 inusitatior
625 2252 656 2311 et
683 2252 789 2312 motus
816 2247 856 2311 ad
887 2267 983 2312 usum
1015 2248 1202 2335 expeditior,

143 2353 276 2437 paulum
301 2353 459 2417 removeri
485 2351 525 2417 ab
554 2353 706 2418 onerariis
732 2352 868 2419 navibus
895 2357 928 2418 et
952 2355 1048 2419 remis
1074 2355 1202 2421 incitari

144 2462 177 2523 et
198 2458 239 2522 ad
260 2458 343 2523 latus
366 2463 510 2542 apertum
531 2458 671 2523 hostium
693 2459 844 2524 constitui
871 2464 966 2543 atque
987 2460 1063 2524 inde
1084 2461 1200 2546 fundis,

143 2565 279 2649 sagittis,
295 2565 459 2629 tormentis
473 2565 579 2629 hostes
593 2564 728 2649 propelli
742 2584 780 2628 uc
794 2565 977 2631 submoveri
991 2567 1096 2650 iussit;
1118 2586 1200 2650 quae

142 2690 193 2736 res
219 2689 334 2755 magno
361 2671 434 2735 usui
460 2671 576 2735 nostris
603 2670 672 2734 fuit
720 2689 796 2734 nam
823 2675 855 2737 et
880 2673 1011 2737 narium
1037 2671 1142 2758 figura
1168 2677 1226 2744 etr

141 2795 303 2841 remorum
324 2780 414 2840 motu
435 2780 468 2840 et
488 2776 639 2840 inusitato
665 2795 781 2860 genere
808 2780 1038 2843 tormentorum
1063 2780 1199 2863 permoti

141 2883 268 2947 barbari
290 2883 500 2947 constiterunt
521 2901 559 2947 ac
580 2882 712 2967 paulum
739 2883 834 2947 etiam
860 2884 974 2967 pedem
999 2885 1197 2950 rettulerunt

142 2993 236 3070 atque
258 2988 374 3052 nostris
388 2987 543 3052 militibus
557 2987 796 3071 cunctantibus,
818 2990 957 3055 maxime
979 2995 1106 3074 propter
1129 2990 1224 3061 alti-³

141 3094 285 3159 tudinem
306 3093 416 3176 maris,
440 3094 497 3177 qui
517 3093 560 3158 X.
582 3093 719 3176 legionis
742 3095 882 3176 aquilam
902 3095 1036 3178 ferebat,
1063 3095 1198 3160 obtesta-

142 3203 194 3263 tus
222 3199 309 3282 deos,
340 3201 378 3263 ut
399 3215 437 3262 ea
462 3217 513 3263 res
539 3198 658 3282 legioni
683 3198 818 3264 feliciter
849 3202 1004 3266 eveniret:
1037 3200 1197 3288 ‘desilite',

142 3304 259 3387 inquit,
274 3303 530 3387 ‘commilitones‚
547 3305 610 3368 nisi
624 3304 721 3368 vultis
737 3305 876 3388 aquilam
891 3305 1035 3371 hostibus
1050 3308 1195 3392 prodere3
1314 3387 1316 3392 .

142 3429 200 3496 ego
228 3413 312 3475 certe
337 3427 445 3473 meum
471 3411 518 3474 rei
548 3409 693 3494 publicae
725 3414 821 3493 atque
847 3412 1030 3494 imperatori
1056 3413 1196 3482 officium

140 3514 342 3602 praestitero)
386 3514 447 3580 hoc
473 3534 547 3580 cum
574 3533 651 3579 voce
677 3534 791 3600 magna
819 3517 964 3602 dixisset,
991 3538 1026 3584 se
1053 3539 1095 3585 ex
1120 3521 1222 3592 navia

140 3623 275 3708 proiecit
295 3626 390 3704 atque
412 3621 447 3686 in
469 3620 574 3685 hostes
596 3621 734 3704 aquilam
756 3622 839 3688 ferre
854 3624 965 3709 coepit
1010 3629 1080 3690 tum
1094 3628 1221 3698 nostris

139 3727 295 3797 cohortati
315 3728 400 3791 inter
420 3745 467 3809 se,
494 3745 536 3791 ne
558 3730 684 3791 tantum
707 3727 844 3793 dedecus
866 3729 1095 3817 admitteretur,
1123 3735 1195 3798 uni·

140 3840 223 3903 versi
246 3853 288 3898 ex
308 3833 384 3898 navi
399 3832 605 3897 desiluerunt
642 3833 700 3896 hos
722 3834 799 3899 item
821 3854 863 3901 ex
885 3838 1038 3920 proximis
1060 3837 1221 3928 [primislr

138 3943 274 4009 navibus
297 3960 371 4005 cum
393 3938 644 4024 conspexissent,
671 3938 834 4005 subsecuti
855 3941 999 4009 hostibus
1026 3944 1195 4032 adpropin-
