2738 4424
442 286 549 345 amna
569 287 629 343 vra
648 285 724 342 011.
742 286 860 341 11-11.
1118 266 1180 331 lll

128 468 253 515 summa
274 449 399 533 imperii
420 449 563 514 traditur.
608 448 659 513 his
686 447 799 513 delecti
826 465 868 511 ex
894 444 1074 510 civitatibus
1096 443 1210 507 athi-4

128 555 285 638 buuntur,
308 574 444 639 quorum
467 556 598 619 consilio
621 554 741 619 bellum
756 553 1038 617 administraretur.
1073 568 1210 614 omness

130 662 248 726 alacres
271 664 303 726 61
323 659 459 724 fiduciae
480 660 568 744 pleni
591 660 632 723 ad
645 659 787 724 Alesiam
802 656 1057 742 proficiscuntur,
1078 673 1210 738 nequeo

129 771 197 832 erat
218 767 362 831 omniurn
384 765 567 850 quisquam
595 767 650 849 qui
672 767 834 848 aspectum
855 763 950 827 modo
973 766 1079 826 tantae
1100 760 1185 824 mul·

129 872 278 938 titudinis
303 872 455 937 sustineri
480 889 573 955 posse
600 870 817 953 arbitraretur,
844 869 1028 953 praesertim
1055 867 1184 952 ancipiti

129 978 261 1063 proelio,
284 998 359 1044 cum
382 997 423 1042 ex
439 977 554 1062 oppido
570 978 736 1061 eruptione
750 979 957 1060 pugnaretur,
979 975 1056 1039 foris
1077 977 1184 1039 tantae

130 1084 239 1169 copiae
262 1085 421 1168 equitatus
442 1083 665 1168 peditatusque
687 1085 900 1147 cernerentur.

218 1191 263 1255 At
283 1191 321 1273 ii,
349 1190 405 1272 qui
425 1190 553 1254 Alesiae
576 1187 814 1271 obsidebantur,
839 1187 1008 1271 praeterita
1029 1185 1093 1271 die,
1121 1205 1185 1269 qua
1203 1198 1237 1254 11

106 1297 251 1360 auxilia
272 1315 404 1362 suorum
427 1298 682 1379 expectaverant,
709 1298 895 1377 consumpto
918 1293 1006 1357 omni
1027 1291 1184 1357 frumento

130 1402 236 1486 inscii,
260 1401 337 1486 quid
358 1401 394 1465 in
409 1400 551 1466 Haeduis
565 1404 741 1484 gereretur,
764 1400 897 1464 concilio
913 1401 1020 1463 coacto
1036 1398 1076 1465 de
1094 1398 1186 1463 exitu

130 1527 261 1572 suarum
283 1507 481 1572 fortrmarum
503 1505 731 1571 consultabant.
770 1524 806 1569 ac
825 1505 921 1570 variis
944 1505 1037 1569 dictis
1059 1507 1212 1569 senten-2

132 1613 196 1695 tiis,
220 1631 355 1697 quarum
369 1631 442 1696 pars
458 1611 665 1694 deditionem,
679 1630 765 1695 pars,
785 1610 862 1675 dum
876 1612 960 1676 vires
975 1614 1185 1695 suppeterent,

132 1718 330 1802 eruptionem
355 1716 515 1801 censebat,
542 1735 608 1781 non
635 1718 863 1801 praetereunda
890 1718 988 1781 oratio
1012 1714 1186 1801 Critognati

131 1823 258 1888 ridetur
279 1828 409 1908 propter
430 1824 499 1889 eius
521 1823 715 1907 singularem
737 1827 769 1888 et
786 1823 939 1888 nefariam
958 1822 1185 1887 crudelitatem

130 1930 184 1993 bio
210 1948 334 1993 summo
365 1930 401 1993 in
426 1929 582 1992 Arvernis
614 1933 702 1992 ortus
732 1928 803 1992 loco
835 1933 867 1992 et
895 1946 1029 2012 magnae
1060 1927 1213 1994 habitusa

132 2034 327 2099 auctoritatis
358 2034 474 2116 ‘nibil',
501 2035 620 2117 inquit,
647 2034 700 2099 ‘de
723 2052 832 2098 eorum
859 2033 1017 2098 sententia
1044 2032 1187 2098 diutinus

132 2161 217 2224 sum,
240 2140 297 2223 qui
319 2140 535 2224 turpissimam
557 2140 741 2204 servitutem
756 2138 926 2204 deditionis
940 2139 1068 2203 nomine
1082 2140 1188 2223 appel·

131 2247 212 2330 lant,
233 2264 339 2329 neque
358 2246 417 2310 hos
431 2244 594 2310 habendos
613 2245 733 2310 civium
751 2244 822 2310 loco
838 2264 944 2328 neque
963 2244 1003 2308 ad
1018 2245 1188 2310 concilium

132 2351 328 2418 adhibendos
351 2369 470 2416 censeo.
508 2369 582 2414 cum
601 2350 652 2415 his
671 2351 750 2414 mihi
769 2369 820 2415 res
836 2355 894 2434 est,
918 2351 976 2434 qui
990 2352 1214 2434 eruptionemr

132 2458 279 2542 probant;
311 2477 447 2541 quorum
473 2457 507 2520 in
534 2457 666 2521 consilio
693 2457 837 2520 omnium
863 2461 1004 2521 vestrum
1031 2475 1189 2522 consensu

132 2565 284 2648 pristinae
306 2563 445 2628 residere
460 2563 588 2628 virtutis
610 2563 762 2627 memoria
776 2561 910 2627 videtur.
944 2562 1045 2626 animi
1064 2567 1111 2627 est
1128 2563 1216 2630 istas

133 2671 279 2754 mollitia,
306 2688 373 2734 11011
399 2670 513 2754 virtus,
540 2669 699 2753 paulisper
724 2669 864 2753 inopiam
889 2670 971 2735 ferre
997 2687 1063 2733 non
1089 2688 1189 2754 posse.

135 2777 192 2858 qui
218 2795 251 2840 se
278 2775 360 2840 ultro
391 2776 485 2839 morti
517 2775 661 2858 offerant,
692 2775 818 2840 facilius
847 2775 1062 2859 reperiuntm,
1094 2795 1190 2860 quam

136 2881 193 2962 qui
215 2880 355 2944 dolorem
376 2881 531 2964 patienter
552 2881 661 2945 ferant.
702 2886 797 2965 atque
820 2899 879 2965 ego
901 2882 983 2945 hanc
1004 2882 1217 2948 sententiama

135 2984 314 3070 probarem,
336 3022 379 3032 —
402 2991 526 3051 tantum
544 2988 628 3070 apud
645 3006 698 3052 me
716 2987 853 3072 dignitas
870 2992 984 3072 potest,
1006 3024 1049 3034 —
1072 2987 1101 3051 si
1119 2986 1191 3050 nul-

136 3093 200 3155 lam
221 3095 441 3174 praeterquam
457 3093 541 3155 vitae
562 3097 688 3157 nostrae
703 3094 855 3157 iacturam
872 3091 942 3157 fieri
956 3092 1111 3173 viderem3
1136 3092 1218 3162 sedr

137 3199 173 3260 in
199 3195 333 3262 consilio
360 3196 511 3280 capiendo
540 3216 666 3260 omnem
689 3197 823 3262 Galliam
851 3199 1068 3281 respiciamus,
1096 3216 1192 3280 quam

138 3303 179 3367 ad
193 3306 337 3366 nostrum
351 3302 506 3365 auxilium
522 3302 757 3366 concitavimus.
790 3302 868 3386 quid
882 3303 1048 3367 hominurn
1063 3303 1192 3368 milibus
1205 3328 1219 3372 a

137 3406 265 3472 LXXX
292 3425 356 3471 uno
382 3406 453 3471 loco
480 3406 651 3472 interiectis
672 3408 858 3491 propinquis
886 3409 1193 3493 consanguineisque

138 3514 255 3578 nostris
277 3513 377 3576 animi
397 3513 464 3578 fore
487 3513 685 3596 existimatis,
709 3513 736 3576 si
757 3531 856 3596 paene
879 3514 913 3577 in
935 3514 1012 3597 ipsis
1034 3514 1194 3579 cadaveri·

139 3619 200 3684 bus
220 3618 340 3703 proelio
364 3618 523 3683 decertare
545 3618 717 3702 cogentur?
744 3618 843 3684 nolite
866 3620 924 3683 hos
945 3624 1050 3684 vestro
1074 3620 1220 3689 auxilios

140 3725 313 3810 expoliare,
341 3723 399 3808 qui
419 3729 542 3789 vestrae
567 3723 677 3788 salutis
699 3743 795 3788 causa
820 3744 916 3789 suum
942 3726 1118 3809 periculum
1140 3745 1195 3792 ne·

139 3832 320 3916 glexerunt,
351 3847 412 3894 nec
443 3829 579 3894 stultitia
608 3848 646 3893 ac
676 3831 850 3896 temeritate
876 3835 982 3896 vestra
1012 3827 1068 3896 aut
1097 3833 1196 3897 animi

140 3936 357 4002 imbecillitate
380 3953 507 3999 omnem
522 3935 658 4000 Galliam
679 3940 876 4019 prosternere
900 3941 932 4001 61
948 3941 1117 4022 perpetuae
1132 3958 1196 4003 ser·
