2738 4424
407 315 409 322 ’
461 301 568 357 mua
584 301 646 358 1111.
666 299 742 357 OAP.
761 300 878 358 15-18.
1155 285 1195 352 ⁷1

139 479 244 545 neque
267 480 343 528 suae
365 480 472 546 neque
493 462 603 547 populi
617 461 753 526 Romani
769 462 931 547 dignitatis
947 480 1016 528 esse
1032 463 1196 528 statuebat.

139 567 260 652 itaque,
282 567 342 632 etsi
364 587 490 633 summa
512 568 680 633 difficultas
694 567 830 633 faciendi
844 569 949 654 pontis
963 568 1224 653 proponebatura

139 678 268 757 propter
288 673 504 757 latitudinem,
530 673 729 759 rapiditatem
755 674 1019 759 altitudinemque
1045 672 1197 759 fluminis,

138 783 245 844 tamen
267 779 302 844 id
323 779 385 844 sibi
407 779 663 845 contendendum
686 784 742 844 aut
763 779 854 846 aliter
876 800 943 845 non
965 780 1197 845 traducendum

98 878 100 882 ’
140 886 317 950 exercitum
348 886 556 951 existimabat
608 886 766 951 rationem
796 887 901 971 pontis
932 887 1014 951 hanc
1043 885 1225 958 instituite

139 991 228 1076 tigna
258 991 334 1056 bina
361 991 592 1076 sesquipedalia
621 993 754 1076 paulum
784 991 824 1056 ab
854 992 919 1057 imo
950 995 1119 1078 praeacuta
1150 991 1197 1057 di·

137 1115 250 1162 mensa
271 1098 313 1162 ad
334 1097 534 1162 altimdinom
556 1096 698 1163 fluminis
720 1098 887 1163 intervallo
913 1098 1032 1183 pedum
1059 1098 1196 1163 duorum

137 1202 222 1269 iuter
244 1223 278 1270 se
300 1204 461 1289 irmgebat
505 1203 583 1268 haee
605 1221 679 1268 cum
696 1203 985 1269 machinationibus
998 1204 1141 1269 immissa
1162 1204 1223 1275 ina

138 1307 260 1375 flumen
281 1308 436 1375 defixerat
456 1309 649 1392 festucisque
671 1308 831 1394 adegerat,
854 1329 919 1374 non
942 1309 1081 1375 sublicae
1099 1309 1196 1374 modo

138 1413 263 1480 derecte
295 1415 336 1480 ad
365 1414 638 1500 perpendiculum,
674 1415 732 1480 sed
764 1433 864 1499 prone
900 1434 937 1480 ac
967 1415 1124 1500 fastigato,
1159 1419 1197 1480 ut

137 1521 314 1586 secundum
335 1524 483 1584 naturam
505 1519 646 1584 fluminis
668 1519 924 1605 procumberent,
952 1521 991 1586 iis
1017 1521 1094 1586 item
1120 1539 1222 1592 con-o

136 1627 233 1690 traria
260 1627 324 1691 duo
351 1625 556 1690 adeundam
581 1626 713 1690 modum
739 1626 848 1691 iuncta
877 1627 1045 1692 intervallo
1076 1627 1195 1712 pedum

138 1732 378 1815 quadragenum
408 1731 448 1795 ab
479 1731 628 1797 inferiore
654 1737 744 1816 parte
776 1736 886 1797 contra
916 1734 982 1796 vim
1013 1737 1108 1816 atque
1134 1734 1213 1803 im·.

135 1842 245 1920 petum
267 1836 409 1902 fluminis
431 1855 584 1901 conversa
606 1837 770 1902 statiebat
814 1837 891 1902 haec
912 1842 1048 1921 utraque
1062 1839 1221 1923 insupera

136 1941 335 2026 bipedalibus
357 1942 501 2008 trabibus
522 1942 685 2025 immissis,
713 1946 870 2026 quantum
896 1961 1007 2008 eorum
1034 1945 1194 2027 tignorum

134 2049 284 2112 iunctura
306 2047 453 2132 distabat,
475 2047 559 2113 binis
581 2049 741 2131 utrimque
763 2048 870 2113 fibulis
893 2048 933 2112 ab
948 2053 1092 2114 extrema
1104 2054 1193 2134 parta

136 2153 380 2236 distinebantur3
405 2155 522 2238 quibus
546 2154 692 2219 disclusis
707 2158 802 2239 atque
818 2154 852 2217 in
867 2154 1057 2219 conuariam
1070 2159 1219 2240 partem:

133 2260 286 2326 revinctis
308 2263 396 2324 tanta
418 2264 485 2324 erat
508 2259 611 2344 operis
632 2258 794 2324 firmitudo
817 2264 912 2342 atque
938 2279 977 2324 ea
1002 2279 1110 2325 rerum
1135 2280 1193 2326 na·

133 2370 218 2448 tura,
240 2369 289 2449 ut,
313 2384 377 2449 quo
398 2367 500 2430 maior
520 2366 570 2430 vis
593 2384 694 2448 aquae
715 2383 751 2455 se
771 2365 979 2449 incitavisset,
1005 2365 1066 2431 hoc
1092 2368 1192 2433 artius

133 2473 265 2556 inligata
295 2475 487 2537 tenerentur.
540 2471 619 2536 haec
652 2464 779 2536 derecta
808 2472 940 2536 materia
970 2471 1087 2537 iniecta
1117 2492 1218 2546 con-⁸

133 2577 327 2644 texebantur
353 2595 391 2642 ae
416 2577 571 2662 longuriis
598 2576 802 2661 cratibusque
829 2577 1125 2662 constemebantur3
1154 2599 1218 2651 aea

133 2685 233 2749 nihilo
265 2684 363 2750 setius
395 2682 537 2749 sublicae
569 2687 600 2748 et
627 2683 668 2747 ad
693 2683 873 2747 inferiorem
899 2689 1021 2768 partem
1047 2683 1191 2752 fluminis

134 2791 262 2875 oblique
297 2789 483 2875 agebantur,
519 2808 602 2872 quae
637 2808 694 2873 pro
730 2790 827 2854 ariete
858 2788 1019 2855 subiectae
1055 2794 1087 2856 et
1117 2810 1191 2856 cum

134 2897 221 2962 omni
243 2914 338 2980 opere
360 2895 548 2961 coniunctae
570 2894 638 2959 vim
658 2893 802 2959 fluminis
829 2896 1025 2981 exciperent,
1053 2900 1085 2961 et
1111 2896 1190 2963 aliae
1204 2922 1230 2968 ιο

133 3002 210 3067 item
233 3020 328 3086 supra
349 3005 478 3085 pontem
492 2999 646 3065 mediocri
667 3001 781 3085 spatio,
803 3005 852 3085 ut,
874 3001 902 3065 si
920 3001 1069 3067 arborum
1086 3003 1191 3068 munci

134 3109 202 3172 sive
224 3125 322 3172 nares
349 3106 507 3172 deiciendi
534 3106 638 3191 operis
665 3125 760 3170 causa
787 3111 891 3171 essent
918 3127 938 3170 a
963 3107 1102 3173 barbaris
1129 3107 1190 3174 im·

133 3213 263 3296 missae,
284 3212 336 3276 his
358 3211 575 3277 defensoribus
590 3231 700 3278 earum
714 3231 821 3276 rerum
842 3214 892 3277 vis
906 3214 1105 3278 minueretur
1125 3232 1190 3280 neu

133 3318 224 3403 ponti
250 3323 409 3383 nocerent
458 3316 580 3383 Diebus
605 3317 653 3400 X,
686 3317 801 3401 quibus
828 3319 960 3382 materia
986 3323 1095 3404 coepta
1122 3325 1245 3396 erat1s

135 3423 337 3509 comportari,
352 3423 440 3488 omni
456 3441 551 3507 opere
567 3422 677 3487 effecto
693 3423 852 3487 exercitus
867 3423 1050 3489 traducitur.
1073 3425 1216 3496 caesara

135 3531 176 3596 ad
206 3534 375 3613 utramque
405 3533 526 3614 partem
560 3528 664 3613 pontis
694 3526 786 3592 firmo
819 3529 976 3612 praesidio
1013 3530 1123 3596 relicto
1155 3534 1190 3598 in

10 3702 27 3719 ,
134 3637 216 3702 fines
249 3634 498 3720 Sugambrorum
533 3634 703 3699 contendit.
761 3635 889 3699 interim
923 3654 942 3699 a
974 3637 1216 3722 compluribuss

135 3743 317 3808 civitatibus
349 3742 490 3806 adeum
519 3740 614 3825 legati
640 3739 786 3822 veniunt3
816 3741 932 3823 quibus
958 3761 1068 3826 pacem
1095 3749 1189 3828 atque

136 3851 306 3915 amicitiam
336 3845 517 3933 petentibus
543 3845 714 3911 liberaliter
739 3847 908 3930 respondet
934 3847 1122 3935 obsidesque
1149 3851 1190 3916 ad

135 3975 170 4021 se
193 3955 309 4021 adduci
330 3954 427 4019 iubet
473 3957 505 4018 at
526 3950 696 4036 Sugambri
718 3971 760 4017 ex
782 3971 820 4018 eo
843 3957 996 4039 tempore,
1024 3975 1088 4040 quo
1110 3977 1219 4040 ponsa
