2738 4424
186 186 249 250 126
527 208 534 219 ·
582 203 687 258 nmrr
705 203 846 259 emmor

128 366 166 424 8³
273 361 392 428 Partito
416 364 560 429 exercitu
581 364 614 428 T.
636 364 812 430 Labienum
839 384 913 429 cum
934 364 1118 448 legionibus
1144 364 1246 430 tribus

185 467 226 533 ud
250 468 411 534 Oceanum
433 489 545 535 versus
568 471 603 535 in
627 489 680 534 eas
701 476 820 555 partes,
849 490 931 555 quae
959 470 1124 556 Menapios
1151 471 1245 534 attin-

158 579 278 660 rgunt,
300 574 457 660 proficisci
483 576 583 658 iubet,
613 574 859 641 anebontem
887 597 961 641 cum
987 579 1057 660 pari
1083 577 1245 661 legionum

184 700 316 745 numero
339 682 380 745 ad
403 700 474 746 eam
495 682 670 765 regionem,
694 701 776 765 quae
798 684 968 748 Atuatucis
991 683 1125 767 adiacet,
1149 682 1245 765 depo-

158 787 356 872 apulandam
386 787 496 869 mittit
529 788 597 873 ipse
629 808 703 853 oum
733 788 864 870 reliquis
889 788 939 852 ΠΙ
970 788 1012 855 ad
1041 787 1161 853 flumen
1189 786 1245 851 Sa-

184 892 263 977 bim,
301 894 386 976 quod
418 893 526 958 iniluit
559 894 594 957 in
625 893 761 978 Mosam,
795 898 1019 977 extremasque
1050 893 1244 958 Arduennae

184 1005 289 1084 portes
311 1001 358 1064 ire
380 999 555 1083 constituit,
579 1020 642 1084 quo
666 1020 741 1064 cum
758 999 870 1085 paucis
886 1000 1047 1082 equitibus
1069 999 1245 1084 profectum

157 1105 404 1190 rAmbiorigem
426 1105 582 1171 audiebat
628 1105 795 1172 discedens
817 1111 889 1189 post
912 1105 995 1170 diem
1009 1105 1081 1170 VIL
1105 1125 1174 1170 sese
1196 1124 1245 1169 re-

184 1230 350 1276 versurum
373 1210 550 1296 confirmat,
579 1230 675 1294 quam
702 1212 743 1275 ad
771 1212 856 1276 diem
883 1212 913 1275 ei
939 1211 1071 1296 legioni,
1099 1229 1180 1295 quae
1207 1211 1244 1276 in

158 1318 341 1402 apraesidio
355 1317 608 1401 relinquebatur,
631 1317 824 1382 frumentum
842 1316 950 1383 deberi
970 1317 1096 1383 sciebat
1133 1316 1244 1382 Labie-

184 1442 262 1487 num
292 1422 548 1505 Treboniumque
574 1423 731 1508 hortatur,
763 1424 790 1488 si
820 1425 868 1489 rei
900 1423 1047 1508 publicae
1079 1423 1244 1488 commodo

183 1529 286 1593 iacere
307 1529 442 1613 possint,
465 1529 506 1593 ad
528 1548 599 1594 eam
622 1530 705 1594 diem
728 1534 940 1614 revertantur,
966 1534 1004 1595 ut
1024 1549 1137 1594 rursus
1158 1549 1244 1594 com-

183 1635 345 1700 municato
368 1634 501 1700 consilio
525 1635 759 1720 exploratisque
786 1636 925 1700 hostium
950 1635 1130 1700 rationibus
1157 1635 1245 1699 aliud

125 1759 165 1815 tl
184 1740 313 1805 initium
335 1740 413 1807 belli
436 1760 548 1825 capere
570 1743 700 1826 possint
745 1741 835 1824 Erat,
862 1746 901 1806 ut
927 1761 1024 1825 supra
1051 1741 1245 1807 demonstra

184 1847 302 1933 vimus,
324 1865 440 1912 manus
462 1852 548 1913 certa
561 1847 664 1931 nulla,
686 1866 752 1911 non
768 1848 932 1932 oppidum,
953 1867 1018 1911 non
1040 1847 1245 1931 praesidium,

185 1953 270 2037 quod
293 1972 327 2019 se
350 1954 445 2018 armis
468 1954 662 2038 defenderet,
690 1954 809 2019 sedin
837 1973 946 2018 omnes
973 1957 1077 2037 partes
1104 1953 1246 2037 dispersa

158 2060 365 2127 amultitudo.
413 2060 616 2143 ubicuique
645 2064 701 2125 aut
726 2061 826 2126 valles
858 2059 965 2124 abdita
992 2064 1047 2125 aut
1073 2059 1163 2124 loeus
1190 2059 1245 2123 sil·

184 2167 298 2231 vestris
320 2171 376 2232 aut
397 2167 488 2251 palus
510 2168 661 2251 impedita
683 2186 771 2253 spem
794 2166 943 2251 praesidii
970 2170 1026 2230 aut
1047 2166 1160 2230 salutis
1187 2166 1245 2230 ali·

157 2291 281 2355 equam
304 2273 468 2357 offerebat,
491 2273 683 2338 consederat
727 2274 806 2339 haee
827 2274 899 2338 loca
914 2271 1132 2336 vicinitatibus
1154 2277 1245 2338 erant

184 2383 271 2462 nota,
303 2398 515 2464 magnamque
550 2398 602 2444 res
640 2379 837 2463 diligentiam
874 2377 1067 2461 requirebat,
1106 2396 1172 2442 non
1207 2378 1243 2442 in

184 2503 308 2549 summa
330 2487 489 2551 exercitus
512 2486 630 2552 tuenda
652 2521 695 2532 -
718 2485 845 2549 nullum
868 2485 954 2549 enim
975 2488 1098 2568 poterat
1114 2485 1242 2548 univer-

184 2591 227 2654 sis
254 2610 273 2654 a
299 2592 472 2673 perterritis
498 2611 535 2656 ao
562 2592 712 2675 dispersis
733 2591 912 2676 perieulum
941 2589 1083 2655 accidere
1108 2626 1163 2675 -,
1186 2605 1242 2655 sen

184 2694 218 2757 in
240 2695 375 2780 singulis
396 2697 552 2761 militibus
574 2696 814 2778 conservandis;
843 2715 925 2780 quae
952 2701 1058 2760 tamen
1085 2715 1127 2761 ex
1153 2701 1244 2780 parte

156 2819 235 2867 tres
257 2801 452 2866 adsalutem
474 2804 633 2868 exercitus
654 2802 839 2887 pertinebat
883 2821 960 2866 nam
982 2805 1014 2868 et
1027 2801 1163 2885 praedae
1186 2821 1242 2866 cu-

183 2907 299 2992 piditas
320 2907 437 2973 multos
459 2908 586 2992 longius
608 2908 777 2972 sevocabat
804 2911 836 2973 et
860 2908 960 2973 silvae
983 2908 1113 2972 incertis
1136 2907 1242 2972 occul-

158 3013 289 3096 atisque
310 3013 476 3080 itineribus
494 3013 651 3078 confertos
666 3014 754 3079 adire
768 3013 986 3099 prohibebant
1024 3014 1053 3078 si
1074 3014 1241 3097 negotium

184 3118 300 3184 confici
322 3120 511 3204 stirpemque
534 3120 699 3184 hominum
722 3120 946 3185 sceleratorum
972 3118 1110 3184 interfici
1136 3119 1243 3203 vellet,

157 3224 390 3291 adimittendae
411 3227 519 3312 plures
541 3246 655 3292 manus
679 3226 912 3311 diducendique
939 3230 1030 3291 erant
1054 3225 1184 3306 milites3
1212 3226 1240 3288 si

184 3333 348 3399 continere
371 3332 411 3396 ad
433 3333 524 3417 signa
545 3332 724 3417 manipulos
746 3334 854 3417 vellet,
881 3338 918 3397 ut
939 3332 1085 3396 instituta
1105 3330 1186 3395 ratio
1210 3335 1245 3395 et

184 3439 379 3503 consuetudo
403 3441 560 3504 exercitus
586 3438 721 3504 Romani
747 3438 937 3524 postulabat,
963 3437 1052 3503 locus
1078 3438 1146 3520 ipse
1174 3441 1243 3500 erat

183 3545 339 3628 praesidio
363 3545 516 3629 barbaris,
538 3563 645 3627 neque
669 3565 711 3611 ex
734 3545 856 3610 oooulto
879 3542 1053 3608 insidiandi
1075 3547 1107 3607 et
1121 3542 1240 3623 disper·

154 3672 171 3717 v
184 3669 236 3715 sos
263 3651 533 3716 circumveniendi
560 3651 696 3735 singulis
727 3651 834 3715 deerat
860 3649 999 3714 audacia
1044 3647 1144 3712 utin
1170 3644 1243 3708 eius

184 3756 272 3820 modi
291 3755 541 3841 difficultatibus,
555 3761 720 3839 quantum
739 3756 904 3840 diligentia
925 3753 1087 3840 provideri
1108 3753 1243 3835 poterat,

184 3861 422 3947 providebatur,
445 3866 482 3926 ut
503 3862 608 3946 potius
634 3862 669 3926 in
695 3861 840 3926 nocendo
868 3861 988 3945 aliquid
1013 3854 1244 3945 praetermitte·
