2738 4424
464 231 572 287 LIBER
588 231 625 287 Π.
643 231 720 287 cnP.
740 230 860 286 28-33.
1149 215 1191 278 47

128 414 198 480 que
213 395 364 459 inusitata
378 394 481 478 specie
504 394 652 458 commoti
675 393 795 476 legatos
818 391 858 455 ad
874 390 1040 457 Caesarem
1063 392 1102 457 de
1117 411 1194 476 pace

128 503 300 580 miserunt,
316 501 372 582 qui
383 499 422 563 ad
434 500 520 564 hune
534 500 665 563 modum
676 499 788 564 locuti:
805 516 870 561 non
886 517 920 562 se
936 498 1117 562 existimare
1132 497 1222 565 Ror

131 624 249 671 manos
263 606 333 670 sine
349 624 408 690 ope
424 604 554 670 deorum
566 604 686 670 bellum
702 622 819 688 gerere,
832 603 887 685 qui
902 607 1006 668 tantae
1022 603 1194 667 altitudinis

132 711 388 776 machinationes
404 715 491 774 tanta
502 711 662 775 celeritate
676 727 862 794 promovere
876 713 1012 792 possent,
1025 726 1058 772 se
1074 727 1194 790 suaque
1207 733 1224 776 a

135 818 247 884 omnia
260 835 370 881 eorum
385 818 531 900 potestati
545 816 726 900 permittere
738 815 897 879 dixerunt
921 834 1022 877 unum
1037 819 1143 898 petere
1159 834 1223 882 ros

136 924 315 1008 deprecari:
331 923 360 986 si
373 923 454 987 forte
465 942 521 1006 pro
535 941 593 986 sua
608 921 822 986 clementiaco
837 920 1089 1004 mansuetudine,
1101 940 1195 1004 quam

136 1030 200 1116 ipsi
227 1027 267 1092 ab
294 1028 364 1093 aliis
391 1028 549 1109 audirent,
577 1029 737 1092 statuisset
764 1028 940 1092 nuaueos
972 1044 1040 1091 esse
1070 1045 1196 1090 consor·

49 1126 54 1131 ’
136 1135 274 1218 vandos,
296 1152 338 1198 ne
360 1153 394 1199 se
417 1135 512 1198 armis
535 1133 733 1216 despoliaret
755 1131 816 1197 sibi
832 1151 942 1197 omnes
964 1132 1029 1197 fere
1043 1132 1225 1200 finitimoss

138 1259 210 1306 esse
232 1241 381 1306 inimicos
403 1259 440 1304 ac
462 1257 537 1304 suae
559 1239 672 1304 vntrti
694 1239 850 1320 invidere3
876 1238 1025 1321 aquibus
1040 1258 1074 1304 se
1090 1237 1196 1302 deien-

139 1347 216 1412 dere
238 1346 362 1410 traditis
385 1347 480 1409 armis
503 1365 568 1410 non
590 1350 727 1429 possent
750 1344 813 1408 sibi
831 1350 998 1428 praestare,
1020 1346 1048 1408 si
1070 1345 1105 1408 in
1123 1363 1226 1415 earne

139 1471 250 1517 casum
274 1451 512 1535 deducerentur,
535 1452 682 1534 quamvis
703 1451 863 1515 forttmam
886 1470 904 1514 a
922 1450 1039 1536 populo
1054 1451 1197 1516 Romano

138 1559 207 1644 pati
229 1577 325 1642 quam
348 1557 387 1621 ab
410 1557 460 1621 his
482 1575 538 1641 per
560 1557 734 1621 cruciatum
757 1556 906 1640 interfici,
933 1557 1018 1622 inter
1041 1576 1121 1640 quos
1144 1557 1198 1621 do-

139 1664 257 1729 minari
279 1668 493 1729 consuessent
539 1663 590 1727 Ad
612 1664 691 1727 haec
709 1662 823 1728 Caesar
845 1662 1020 1746 respondit:
1045 1682 1079 1728 se
1098 1665 1198 1747 magis
1216 1679 1256 1738 aa

140 1770 370 1835 consuetudine
393 1789 451 1834 sua
475 1789 570 1852 quam
592 1770 704 1833 merito
729 1788 839 1833 eorum
854 1769 1015 1833 civitatem
1034 1788 1199 1834 conserva-

141 1880 258 1960 turum,
281 1875 309 1940 si
325 1876 426 1960 prius,
450 1894 548 1959 quam
565 1895 693 1938 murum
713 1876 795 1939 aries
818 1875 983 1958 attigisset,
1005 1893 1039 1940 se
1062 1875 1200 1940 dedidis-

120 1986 226 2064 ,sena
254 1981 309 2047 sed
337 1981 507 2046 deditionis
533 1980 655 2045 nullam
683 1999 751 2044 esse
779 1980 997 2045 condicionem
1020 1981 1083 2043 nisi
1106 1983 1231 2048 annisa

142 2087 275 2152 traditis.
321 2105 355 2152 se
376 2087 423 2169 id,
448 2087 532 2169 quod
555 2086 590 2149 in
612 2085 738 2150 Nerviis
760 2085 898 2168 iecisset,
925 2085 1080 2149 factunm
1104 2084 1200 2149 finiti-

142 2194 267 2279 misque
298 2195 538 2277 imperaturum,
569 2210 610 2256 ne
634 2211 729 2274 quam
752 2190 909 2256 dediticiis
935 2191 1043 2275 populi
1065 2191 1200 2256 Romani

143 2299 296 2365 iniuriam
312 2299 472 2363 inferrent
509 2316 544 2362 re
558 2298 739 2363 renuntiata
754 2297 795 2360 ad
810 2316 894 2379 suos,
910 2315 992 2380 quae
1006 2285 1233 2381 imperaret-s

143 2409 204 2489 tur,
221 2405 323 2469 facere
339 2404 496 2468 dixerimt
525 2423 684 2467 armorum
698 2422 815 2487 magna
832 2403 1036 2469 multitudine
1055 2404 1094 2469 de
1108 2424 1199 2467 muro
1213 2429 1231 2474 a

144 2511 179 2576 in
200 2511 330 2592 fossam,
358 2529 439 2592 quae
467 2514 534 2574 erat
560 2515 633 2574 ante
661 2509 824 2593 oppidum,
851 2510 945 2593 iacta,
973 2511 1019 2574 sio
1046 2515 1083 2575 ut
1103 2529 1201 2595 prope

145 2636 303 2681 summam
334 2617 421 2680 muri
452 2617 639 2700 aggerisque
671 2616 871 2680 altimdinem
906 2617 1011 2681 accrvi
1043 2636 1203 2681 armorum

145 2723 372 2806 adaequarent,
395 2726 427 2787 et
449 2726 555 2786 tamen
578 2723 703 2786 circiter
724 2727 812 2806 parte
834 2724 939 2804 tertia,
961 2728 998 2787 ut
1011 2729 1120 2807 postea
1134 2742 1203 2807 per·

146 2833 290 2913 spectum
312 2832 372 2912 est,
400 2828 502 2894 celata
528 2832 622 2910 atque
649 2828 685 2890 in
713 2828 829 2911 oppido
851 2833 974 2894 retenta
995 2832 1092 2912 portis
1118 2834 1203 2913 pate-

146 2935 236 2999 factis
258 2952 296 2999 eo
321 2934 371 2999 die
392 2953 470 3018 pace
493 2939 568 2998 sunt
589 2935 648 2997 usi
694 2931 759 2998 Sub
782 2953 951 3018 vesperum
967 2934 1082 2999 Caesar
1099 2942 1203 3018 portas
1221 2951 1263 3008 aa

149 3040 255 3105 claudi
276 3040 458 3122 militesque
481 3059 523 3104 ex
546 3039 659 3124 oppido
688 3041 774 3104 exire
797 3042 899 3122 iussit,
927 3059 967 3104 ne
990 3061 1085 3124 quam
1107 3046 1200 3104 noctu

150 3145 299 3230 oppidani
322 3165 341 3208 a
363 3145 518 3210 militibus
540 3146 693 3209 iniuriam
715 3147 900 3229 acciperent
945 3146 994 3208 illi
1021 3152 1091 3210 ante
1117 3147 1235 3215 tritta

150 3257 187 3316 ut
207 3251 404 3317 intellectum
428 3257 487 3334 est,
509 3252 656 3332 consilio,
685 3251 770 3333 quod
798 3251 958 3316 deditione
979 3251 1061 3316 facta
1083 3257 1206 3315 nostros

151 3358 307 3442 praesidia
329 3357 519 3422 deducturos
547 3363 602 3421 aut
624 3357 762 3438 denique
789 3357 1008 3440 indiligentius
1030 3362 1207 3422 servaturos

153 3462 358 3545 crediderant,
379 3464 494 3548 partim
509 3481 583 3525 cunr
598 3463 646 3545 iia,
663 3481 744 3543 quae
759 3463 959 3526 retinuerant
974 3468 1006 3526 et
1020 3463 1208 3548 celaverant,

154 3570 263 3652 arusie,
277 3570 393 3653 partim
408 3569 505 3632 scutis
521 3587 563 3632 ex
578 3569 693 3632 cortice
708 3568 798 3632 factis
814 3574 869 3632 aut
883 3569 1058 3632 viminibus
1073 3571 1210 3653 intextis,

155 3693 236 3760 quae
251 3674 364 3757 subito,
386 3680 423 3738 ut
444 3675 595 3757 temporis
619 3674 775 3757 exiguitas
797 3673 983 3758 postulabat,
1003 3676 1139 3759 pellibus
1162 3678 1213 3740 in·

156 3781 327 3864 duxerant,
358 3781 449 3845 tertia
470 3780 591 3864 vigilia,
625 3799 687 3862 qua
718 3780 848 3845 minime
877 3781 995 3846 arduus
1022 3782 1062 3845 ad
1088 3789 1212 3846 nostras

156 3887 351 3952 munitiones
383 3905 532 3951 ascensus
563 3886 741 3971 ridebatur,
774 3887 922 3952 omnibus
955 3890 1053 3972 copiis
1085 3897 1216 3972 repente
