2738 4424
216 184 278 248 114
608 200 712 255 BllLLI
731 200 871 256 GALLIOI

214 358 363 441 audeant,
384 358 505 425 flumen
527 362 661 426 transire
683 366 715 425 et
736 361 847 444 iniquo
869 361 940 425 loco
961 361 1157 426 committere
1180 378 1271 444 proe-

188 463 293 532 alium
320 484 385 529 non
413 465 566 529 dubitant
617 485 698 548 quae
729 466 795 530 fore
827 467 1003 550 suspicatus
1030 465 1203 548 Labienus,
1234 469 1271 530 ut

216 589 324 635 omnes
347 571 424 634 citra
445 569 565 636 flumen
588 570 729 653 eliceret,
757 571 865 635 eadem
888 590 966 635 usus
989 571 1191 635 simulatione
1218 571 1270 634 iti·

187 675 299 745 sneris
320 675 443 759 placide
463 676 729 760 progrediebatur.
767 682 836 740 tum
858 677 1040 760 praemissis
1057 677 1189 760 paulum
1210 677 1270 739 im·

214 781 402 864 pedimentis
424 785 518 865 atquc
539 782 574 845 in
596 782 720 845 tumulo
749 782 885 864 quodam
912 782 1082 847 conlocatis
1110 781 1271 866 ‘habetis',

214 885 330 970 iuquit,
353 887 494 969 ‘milites,
515 906 610 970 quam
624 887 756 971 petistis,
770 887 961 952 facultatem:
981 890 1104 951 hostem
1117 887 1270 971 impedito

188 995 309 1074 satque
330 993 442 1074 iniquo
464 992 533 1057 loco
556 994 684 1075 tenetis3
707 996 862 1076 praestate
878 992 1011 1057 eandem
1025 993 1117 1058 nobis
1133 993 1269 1057 ducibus

214 1097 376 1181 virtutem,
403 1118 499 1183 quam
525 1117 750 1182 saepenumero
777 1098 959 1182 imperatori
985 1099 1199 1183 praestitistis,
1223 1102 1269 1162 at-

187 1221 276 1286 sque
296 1203 389 1267 illum
411 1203 520 1268 adesse
535 1208 567 1269 et
579 1204 657 1269 hacc
672 1223 778 1268 coram
793 1222 922 1269 cernere
937 1203 1135 1269 existimate!
1172 1203 1267 1267 simul

213 1308 304 1392 signa
326 1309 366 1372 ad
388 1309 509 1374 hostem
532 1311 673 1375 converti
695 1311 859 1392 aciemque
878 1309 978 1394 derigi
1000 1309 1090 1375 iubet
1112 1312 1144 1373 et
1158 1309 1268 1392 paucis

213 1414 325 1478 tunnis
346 1415 503 1498 praesidio
526 1414 567 1479 ad
587 1415 813 1499 impedimenta
833 1415 972 1481 dimissis
987 1415 1128 1496 reliquos
1143 1415 1267 1496 equites

185 1519 254 1588 cad
275 1519 374 1585 latera
400 1519 546 1602 disponit
591 1521 735 1585 celeriter
761 1522 862 1586 nostri
889 1522 1025 1586 clamore
1052 1520 1175 1586 sublato
1201 1520 1268 1603 pila

210 1625 246 1689 in
268 1624 374 1690 hostes
395 1626 578 1690 immittunt
623 1626 682 1710 illi,
705 1626 762 1690 ubi
783 1631 906 1710 praeter
928 1645 1028 1710 spem,
1057 1645 1136 1710 quos
1157 1626 1268 1709 fugere

212 1730 395 1814 credebant,
425 1731 548 1796 infestis
575 1732 674 1817 signis
706 1732 746 1796 ad
777 1751 811 1797 se
841 1733 889 1797 ire
920 1733 1082 1816 viderunt,
1113 1733 1269 1814 impetum

210 1841 391 1902 nostrorum
411 1837 494 1903 ferre
515 1857 581 1902 non
602 1842 775 1922 potuerunt
801 1858 839 1903 ac
860 1839 962 1922 primo
985 1856 1145 1903 concursu
1164 1837 1200 1901 in
1217 1836 1267 1900 tu·

185 1962 283 2026 agam
309 1944 443 2009 coniecti
468 1945 629 2028 proximas
661 1945 757 2008 silvas
782 1945 950 2028 petierunt
996 1962 1076 2026 quos
1107 1943 1270 2008 Labienus

210 2051 354 2133 equitatu
386 2055 583 2115 consectatus
613 2070 728 2134 magno
755 2069 888 2116 numero
916 2049 1093 2134 interfecto,
1125 2048 1266 2132 complu·

209 2155 298 2220 ribus
329 2158 426 2240 captis
459 2158 569 2240 paucis
595 2162 665 2240 post
692 2157 806 2223 diebus
834 2158 993 2221 cinnam
1018 2156 1145 2239 recepit
1190 2173 1266 2218 nam

211 2261 372 2347 Germani,
410 2262 466 2344 qui
502 2263 623 2327 auxilio
657 2263 841 2345 veniebant,
876 2266 1022 2346 percepta
1056 2261 1265 2325 Treverorum

181 2365 283 2452 afuga
306 2386 374 2434 sese
397 2368 528 2433 domum
550 2368 761 2434 contulerunt
807 2388 881 2434 cum
903 2369 954 2432 his
972 2366 1144 2451 propinqui
1164 2365 1265 2430 Indu·

207 2471 345 2554 tiemari,
368 2475 423 2557 qui
447 2475 629 2539 defectionis
652 2479 796 2539 auctores
817 2473 955 2556 fuerant,
982 2473 1122 2538 comitati
1144 2490 1199 2536 eos
1221 2490 1264 2536 ex

181 2577 335 2643 scivitate
358 2584 573 2645 excesserunt.
611 2579 819 2665 Cingetorigi,
843 2597 938 2662 quem
956 2578 995 2643 ab
1011 2578 1104 2642 initio
1119 2595 1266 2660 perman·

71 2742 73 2745 ,
207 2681 285 2745 sisse
307 2682 341 2744 in
365 2682 466 2747 officio
494 2684 791 2768 demonstravimus,
819 2685 1013 2768 principatus
1040 2687 1136 2766 atque
1161 2682 1264 2765 impe·

206 2785 291 2850 rium
313 2792 362 2853 est
382 2788 541 2852 traditum.

296 2891 422 2979 Caesar,
454 2899 620 2978 postquam
653 2913 695 2960 ex
726 2895 882 2978 Menapiis
912 2895 949 2960 in
979 2895 1132 2959 Treveros
1167 2892 1267 2976 veuit,

181 2999 330 3066 aduabus
362 3001 402 3066 de
433 3002 537 3066 causis
568 3000 717 3066 Rhenum
748 3002 883 3066 bansire
915 3001 1092 3081 coustituit;
1125 3016 1261 3080 quarum

207 3125 273 3169 una
299 3110 379 3189 erat,
407 3107 492 3189 quod
520 3105 669 3172 Germani
692 3108 812 3172 auxilia
840 3111 950 3171 centra
975 3124 1010 3172 se
1032 3105 1175 3170 movens
1202 3105 1263 3168 mi·

208 3215 326 3296 serant,
358 3211 467 3296 altera,
500 3231 541 3277 ne
572 3213 612 3277 ad
644 3232 698 3278 eos
729 3213 900 3277 Ambiorix
931 3216 1092 3295 receptum
1122 3208 1261 3274 haberet.

180 3317 256 3383 abis
279 3319 456 3383 constitutis
482 3319 578 3385 rebus
603 3319 699 3403 paulo
727 3338 822 3403 supra
849 3337 924 3383 eum
951 3318 1068 3402 locum,
1097 3334 1161 3398 quo
1189 3320 1266 3379 aute

179 3424 381 3488 aexercitum
403 3424 599 3510 traduxerat,
621 3425 724 3490 iacere
741 3428 871 3509 pontem
893 3423 1038 3488 instibrit
1075 3426 1151 3485 nota
1166 3424 1266 3503 atque

206 3529 351 3593 instituta
371 3530 493 3595 ratione
512 3550 627 3615 magno
641 3531 779 3594 militum
794 3529 900 3595 studio
923 3529 1032 3612 paucis
1055 3526 1167 3593 diebus
1183 3545 1266 3609 opus

180 3634 348 3700 sefficitur.
392 3635 483 3700 firmo
511 3636 546 3699 in
568 3636 712 3701 Treveris
740 3636 779 3699 ad
803 3638 934 3719 pontem
960 3633 1116 3718 praesidio
1142 3630 1266 3711 relicto,

205 3758 247 3804 ne
279 3741 350 3823 quis
377 3741 416 3806 ab
443 3742 493 3806 his
519 3741 625 3806 subito
656 3745 762 3806 motus
796 3745 951 3823 oreretur,
984 3739 1125 3822 reliquas
1155 3734 1266 3817 copias

179 3846 446 3930 aequitatumqus
468 3847 613 3912 traducit
656 3847 747 3931 Ubii,
776 3848 832 3931 qui
858 3851 932 3912 ante
960 3845 1086 3910 obsides
1112 3839 1269 3907 dederant
