2738 4424
181 267 224 332 64
577 284 681 340 Burin
699 285 841 341 efflei

181 442 255 507 dere
283 447 315 507 et
335 443 376 508 ad
398 443 519 509 bellum
541 446 699 510 mobiliter
721 448 928 531 celeriterque
956 447 1102 530 excitari,
1129 464 1240 510 omnes

181 553 287 614 autem
318 550 462 615 homines
488 556 604 616 natura
631 553 767 617 libertati
799 553 925 618 studere
958 557 990 618 et
1020 552 1240 618 condicionem
1343 632 1344 635 Ἴ

181 655 342 719 servitutis
383 655 498 741 odisse,
535 658 719 741 priusquam
754 660 862 743 plures
898 659 1042 723 civitates
1079 657 1240 741 conspira

180 764 264 842 rent,
294 762 494 845 partiendum
528 763 591 827 sibi
628 783 665 829 ac
696 764 791 828 latius
825 763 1079 828 distribuendum
1118 763 1239 828 exerci-

128 869 404 951 11tumputavit
449 868 562 951 Itaque
588 869 620 933 Τ.
644 869 819 934 Labienum
849 871 991 954 legatum
1018 870 1053 933 in
1078 870 1239 950 Treveros,

155 996 168 1039 r
182 974 238 1055 qui
259 975 397 1056 proximi
411 973 536 1038 flumini
550 975 660 1040 Rheno
677 980 761 1059 sunt,
785 996 860 1040 oum
875 978 1019 1060 equitatu
1033 977 1137 1040 mittit
1166 976 1240 1038 huic

180 1079 320 1164 mandat,
343 1080 459 1144 Remos
481 1081 685 1165 reliquosque
708 1082 822 1166 Belgas
844 1082 936 1147 adeat
958 1087 1053 1164 atque
1076 1083 1111 1145 in
1134 1080 1239 1145 officio

181 1186 342 1251 contineat
357 1185 603 1269 Germanosque,
626 1189 682 1271 qui
705 1189 825 1253 auxilio
841 1208 860 1251 a
876 1187 974 1253 Gallis
992 1189 1133 1253 arcessiti
1157 1186 1241 1251 dice-

180 1291 305 1376 bantur,
327 1292 354 1355 si
377 1293 513 1375 pervim
535 1293 670 1358 navibus
689 1293 809 1358 flumen
825 1295 959 1358 transire
981 1300 1145 1376 conentur,
1168 1311 1240 1376 pro·

154 1397 294 1464 shibeat.
340 1397 374 1461 P.
398 1397 545 1462 crassum
578 1419 651 1463 cum
683 1401 866 1465 cohortibus
896 1401 1079 1485 legionariis
1110 1398 1178 1463 ΧΠ
1209 1403 1241 1463 et

180 1521 295 1586 magno
322 1522 455 1568 numero
482 1507 641 1587 equitatus
668 1506 703 1569 in
725 1508 933 1590 Aquitaniam
959 1505 1116 1590 proficisci
1143 1505 1240 1587 iubet,

180 1627 222 1673 ne
245 1627 286 1672 ex
308 1609 358 1673 his
379 1609 562 1674 nationibus
585 1611 707 1674 auxilia
729 1613 762 1675 in
779 1612 914 1676 Galliam
929 1613 1096 1676 mittantur
1111 1630 1148 1675 ac
1170 1616 1239 1674 tan-

153 1719 230 1780 ctae
265 1716 410 1780 nationes
446 1717 688 1801 coniungantur.
741 1716 775 1793 Q„
807 1719 966 1782 Titurium
1002 1717 1156 1782 Sabinum
1195 1717 1240 1782 le-

180 1826 288 1904 gatum
319 1841 394 1886 oum
424 1822 602 1906 legionibus
634 1824 735 1889 tribus
771 1824 806 1887 in
837 1824 1001 1906 Venellos,
1038 1822 1240 1888 Coriosolitas

180 1926 401 2009 Lexoviosque
427 1929 537 2012 mittit,
565 1931 620 2014 qui
647 1948 716 1993 eam
743 1949 874 1993 manum
902 1929 1116 1994 distinendam
1139 1933 1236 1993 curet

154 2032 218 2101 sD.
240 2035 378 2099 Brutum
400 2033 635 2099 adulescentem
657 2036 749 2100 classi
773 2036 964 2119 Gallicisque
986 2034 1136 2117 navibus,
1160 2053 1239 2118 quas

182 2159 223 2205 ex
254 2139 441 2205 Pictonibus
473 2145 504 2205 et
535 2139 682 2206 Santonis
718 2143 914 2226 reliquisque
949 2142 1069 2227 pacatis
1102 2141 1239 2224 regioni·

181 2245 242 2310 bus
265 2247 434 2312 convenire
460 2246 606 2330 iusserat,
633 2246 776 2331 praeficit
803 2253 846 2331 et,
875 2267 948 2311 cum
970 2247 1109 2331 primum
1130 2247 1239 2330 possit,

182 2352 217 2414 in
239 2352 378 2417 Venetos
408 2351 566 2437 proficisci
596 2353 691 2417 iubet
740 2354 809 2438 ipse
841 2372 878 2418 eo
909 2353 1109 2438 pedestribus
1140 2353 1238 2435 copiis

183 2458 351 2521 contendit

30 2569 33 2573 ’
128 2577 164 2634 ru
269 2561 369 2626 Erant
395 2564 464 2628 eius
490 2565 578 2628 modi
600 2566 665 2630 fere
688 2566 768 2629 situs
791 2565 990 2649 oppidorum,
1017 2570 1055 2630 ut
1075 2565 1179 2650 posita
1204 2564 1238 2627 in

182 2669 332 2732 extremis
353 2668 485 2751 lingulis
507 2672 799 2754 promunturiisque
827 2690 933 2752 neque
959 2671 1093 2755 pedibus
1118 2671 1237 2734 aditum

181 2773 346 2858 haberent,
379 2793 452 2838 cum
480 2793 522 2839 ex
548 2775 611 2840 alto
635 2796 669 2840 so
692 2783 798 2842 aestus
820 2778 1025 2858 incitavisset,
1054 2775 1139 2860 quod
1163 2775 1235 2860 [bis]

182 2880 297 2944 accidit
318 2900 442 2964 semper
464 2881 612 2946 horarum
631 2883 698 2947 XII
720 2885 833 2967 spatio,
855 2902 961 2965 neque
984 2883 1129 2965 navibus
1151 2882 1238 2965 quod

155 3006 293 3053 rrursus
315 2987 478 3052 minuente
496 2992 585 3052 aestu
607 3008 705 3054 naves
733 2991 767 3053 in
791 2990 880 3053 vadis
902 2988 1147 3053 adflictarentur.
1193 2992 1238 3053 'rte

154 3099 316 3178 autraque
347 3112 382 3158 re
414 3095 600 3178 oppidorum
633 3097 823 3180 oppugnatio
858 3094 1094 3179 impediebatur.
1141 3113 1177 3158 ac
1209 3095 1235 3158 si

182 3202 308 3284 quando
336 3201 554 3284 magnitudine
581 3203 685 3285 operis
711 3204 790 3266 torte
818 3203 970 3286 superati,
998 3205 1128 3265 extruso
1155 3203 1234 3264 mari

181 3326 295 3390 aggere
317 3327 354 3372 ac
375 3307 514 3371 molibus
537 3312 631 3390 atque
653 3309 701 3371 his
725 3309 831 3392 oppidi
853 3307 1020 3372 moenibus
1043 3307 1235 3389 adaequatis,

182 3413 346 3496 desperare
368 3415 503 3477 fortunis
525 3416 591 3478 suis
614 3419 793 3498 coeperant,
817 3433 930 3497 magno
947 3433 1081 3478 numero
1105 3415 1234 3476 navium

138 3589 139 3592 Ἴ
181 3519 326 3604 adpulsu,
349 3521 439 3584 cuius
462 3521 509 3584 rei
531 3539 686 3583 summam
709 3520 888 3584 facultatem
911 3518 1081 3600 habebant,
1103 3537 1162 3583 sua
1181 3517 1234 3582 de-

181 3625 347 3708 portabant
378 3628 483 3689 omnia
513 3645 612 3708 seque
644 3626 677 3688 iu
708 3628 853 3710 proxima
884 3625 999 3710 oppida
1025 3623 1232 3707 recipiebant:

154 3729 226 3795 ribi
262 3750 296 3794 se
331 3751 441 3795 rursus
478 3732 577 3795 isdem
618 3732 881 3816 oportrmitatibus
916 3731 979 3794 loci
1015 3728 1232 3794 defendebant.

154 3836 258 3902 ohaec
281 3856 318 3901 eo
341 3837 463 3900 facilius
487 3856 634 3919 magnam
656 3844 776 3920 partem
804 3838 929 3902 aestatis
951 3835 1120 3918 faciebant,
1148 3834 1232 3916 quod

180 3948 427 4029 nostrappares
454 3943 691 4025 tempestatibus
715 3944 936 4009 detinebantur
957 3959 1144 4026 summaque
1167 3945 1234 4005 erat
