2738 4424
344 363 345 366 ,
446 298 553 356 LIBER
570 299 617 357 Π.
636 299 713 356 GAP.
732 298 845 355 11-14.
1110 283 1171 349 117

210 461 251 526 In
278 461 364 525 omni
392 461 494 526 Gallia
525 481 634 527 eorum
665 461 842 543 hominum,
875 459 931 542 qui
962 459 1066 540 aliquo
1101 462 1176 523 sunt
1192 463 1228 520 18

123 586 256 632 numero
272 572 367 650 atque
381 566 513 648 honore,
536 585 653 651 genera
670 571 745 630 sont
759 565 837 647 duo,
860 584 934 628 nam
954 563 1061 649 plebes
1075 581 1175 647 paene

123 690 288 737 servorum
309 672 443 738 habetur
463 672 546 755 loce,
570 689 650 754 quae
672 671 752 735 nihil
768 671 863 736 audet
877 689 934 754 per
955 688 1002 753 99,
1024 668 1106 732 nulli
1121 669 1175 731 ad·

123 777 251 842 hibetur
265 777 405 842 consilio.
443 778 597 862 plerique,
620 796 693 841 eum
709 781 764 840 aut
778 795 849 841 aere
865 776 967 841 alieno
984 779 1040 838 aut
1053 774 1201 858 magni-a

123 882 235 947 tudine
250 883 441 948 tributorum
456 887 510 946 aut
531 883 648 947 iniuria
663 883 876 966 potentiorum
890 885 1084 965 premuntur,
1106 897 1174 944 sese

123 988 158 1052 in
195 989 377 1054 servitutem
408 988 515 1054 (119911
544 987 721 1069 nobilibus;
759 987 875 1071 quibus
906 987 940 1050 in
971 986 1029 1050 hos
1064 984 1201 1050 eadema

125 1095 230 1158 omnia
261 1098 335 1158 sunt
363 1094 446 1176 iura,
479 1112 560 1178 quae
587 1094 724 1157 dominis
751 1094 785 1156 in
812 1111 928 1157 servos.
977 1091 1033 1156 sed
1060 1091 1099 1155 de
1126 1091 1175 1155 his

125 1199 248 1264 duobus
271 1199 440 1285 generibus
463 1198 596 1262 alterum
618 1203 667 1264 ost
689 1198 852 1280 druidum,
875 1197 1009 1262 alterum
1023 1197 1175 1280 equitum

123 1304 172 1368 illi
198 1305 294 1370 rebus
321 1305 438 1370 divinis
464 1306 634 1387 intersunt,
660 1303 813 1369 sacrificia
838 1303 966 1390 publica
992 1321 1029 1366 ao
1054 1303 1202 1386 privatae

122 1417 305 1495 procurant,
327 1410 497 1494 religiones
519 1411 778 1494 interpretantur,
802 1410 842 1473 ad
865 1428 920 1475 999
941 1427 1076 1492 magnus
1098 1407 1176 1472 adu·

122 1516 311 1583 lescentium
324 1535 477 1582 numerus
493 1516 677 1601 disciplinae
692 1535 788 1581 causa
803 1516 974 1596 concurrit,
996 1531 1176 1598 magnoque

122 1623 156 1685 hi
179 1626 255 1687 sunt
277 1622 361 1706 apud
384 1640 437 1686 eos
459 1622 587 1686 honore.
631 1640 706 1685 nam
729 1622 793 1685 1919
820 1621 860 1686 de
883 1620 1030 1684 omnibus
1053 1625 1202 1685 contro-o

123 1727 236 1791 versiis
266 1727 402 1810 publicis
433 1728 626 1811 privatisque
658 1728 855 1792 constituunt
886 1730 929 1809 et,
960 1726 989 1790 si
1017 1725 1102 1808 quod
1129 1729 1177 1790 991

123 1832 296 1896 admissum
321 1833 457 1916 facinus,
484 1833 512 1896 si
539 1833 650 1896 caedes
677 1832 771 1914 19919,
798 1833 826 1897 91
853 1832 892 1895 de
918 1829 1104 1912 hereditate,
1136 1829 1176 1894 de

121 1936 241 2002 finibus
263 1939 475 2003 controversia
498 1942 557 2022 est,
580 1939 663 2003 idem
681 1937 869 2020 decernunt,
892 1937 1030 2020 praemia
1044 1953 1177 2019 poenas·

123 2062 185 2126 que
208 2044 419 2125 constituunt;
448 2044 476 2108 si
499 2044 556 2125 qui
578 2047 634 2108 aut
654 2044 795 2127 privatus
824 2046 879 2107 aut
904 2041 1041 2126 populus
1068 2059 1203 2106 eorume

123 2149 246 2215 decreto
261 2167 329 2214 non
344 2150 442 2232 stetit,
464 2147 627 2213 sacrificiis
642 2147 843 2214 interdicunt
881 2148 958 2212 haec
973 2165 1075 2230 poena
1093 2147 1177 2230 apud

122 2273 176 2320 eos
199 2259 247 2321 991
260 2256 453 2340 gradssima
492 2254 609 2338 quibus
631 2255 674 2318 ita
690 2259 738 2320 991
752 2254 970 2336 interdictum,
992 2253 1027 2317 hi
1040 2271 1201 2318 numeror

120 2361 291 2445 impiorum
313 2379 350 2424 99
371 2360 594 2425 sceleratorum
616 2359 783 2444 habentur,
805 2360 855 2424 his
878 2378 988 2424 omnes
1012 2358 1175 2441 decedunt,

121 2467 242 2530 aditum
265 2485 376 2532 eorum
398 2484 639 2550 sermonemque
662 2466 840 2550 defuqunt,
866 2484 907 2530 no
931 2464 1008 2549 quid
1035 2483 1077 2529 ex
1099 2482 1174 2529 con·

121 2574 246 2657 taglone
278 2571 472 2636 incommodi
504 2571 673 2655 accipiant,
706 2590 811 2653 neque
842 2573 882 2636 iis
912 2570 1092 2656 petentibus
1122 2571 1174 2636 ius

121 2679 265 2744 redditur
295 2695 401 2760 neque
432 2677 533 2742 honos
565 2677 650 2741 ullus
682 2679 943 2743 communicatur.
992 2677 1043 2742 his
1070 2681 1200 2742 autema

122 2783 269 2847 omnibus
292 2782 459 2847 druidibus
480 2787 604 2866 praeest
625 2802 723 2865 unus,
750 2785 806 2867 qui
829 2803 985 2849 summam
1011 2784 1095 2848 inter
1120 2802 1174 2856 eos

121 2888 217 2952 habet
243 2890 467 2953 auctoritatem.
513 2889 572 2952 hoc
598 2893 723 2953 mortuo
751 2894 819 2974 aut,
847 2891 874 2954 si
898 2891 954 2973 qui
976 2908 1019 2954 ex
1044 2889 1201 2970 reliquisa

123 2993 252 3058 excellit
274 2992 437 3078 dignitate,
465 2995 607 3058 succedit
629 2999 695 3078 911,
719 2996 745 3059 91
764 3000 839 3059 sunt
858 2995 965 3078 plures
984 3014 1087 3078 pares,
1111 2993 1175 3057 suf·

122 3100 222 3182 fregio
245 3097 408 3180 druidum,
430 3118 497 3162 non
518 3118 693 3180 numquam
716 3101 811 3164 etiam
826 3102 921 3163 armis
944 3100 983 3164 de
997 3100 1176 3183 principatu

123 3204 327 3269 contendunt
372 3204 406 3267 hi
429 3207 513 3267 certo
536 3205 613 3266 anni
634 3223 773 3287 tmpore
796 3204 970 3268 infinibus
993 3203 1175 3287 Carnutum,
1188 3222 1216 3266 ro

125 3328 205 3392 quae
227 3308 315 3392 regio
338 3309 436 3372 totius
451 3307 571 3372 Galliae
585 3308 691 3371 media
704 3307 850 3392 habetur,
874 3310 1043 3373 considunt
1056 3310 1091 3372 11
1105 3309 1175 3373 1999

124 3419 312 3480 consecrato.
357 3413 421 3477 huo
436 3432 546 3476 omnes
561 3412 716 3495 undique,
739 3415 795 3495 qui
810 3416 1037 3479 controversias
1051 3415 1176 3497 habent,

124 3520 318 3586 conveniunt
340 3536 515 3600 eorumque
539 3517 673 3582 decretis
699 3517 889 3600 iudiciisque
915 3525 1034 3601 parent
1084 3520 1215 3584 119911

123 3626 210 3712 plina
231 3627 266 3689 11
287 3624 455 3690 Britannia
476 3627 599 3705 reperta
614 3626 708 3704 atque
723 3622 798 3686 inde
820 3624 854 3686 in
871 3623 1003 3688 Galliam
1027 3627 1177 3690 translata

68 3778 71 3783 -
124 3732 335 3816 existimatur,
359 3734 390 3795 et
410 3724 511 3812 1119,
530 3729 586 3812 qui
605 3728 797 3821 diligentius⁸
810 3746 880 3791 eam
897 3749 965 3794 rem
988 3750 1216 3817 cognoscerem

10 3746 1051 4172 wausaprcficiscuntur
1082 3837 1177 3902 Drui·
1194 3848 1229 3902 14

664 3942 796 4021 tneque
811 3940 927 4005 tributa
950 3962 1015 4007 119
1033 3963 1106 4008 eum
1128 3963 1177 4008 re·
