2738 4424
184 240 226 302 42
580 255 686 310 Bntnn
703 254 845 310 GALLIOI

130 417 166 473 20
185 432 277 496 opere
305 417 448 499 occupati
476 421 577 499 erant,
604 416 844 481 contenderunt
891 413 1016 480 Caesari
1043 415 1149 479 omnia
1176 434 1241 480 uno

184 525 322 603 tempore
344 526 434 585 erant
454 521 589 604 agenda:
613 521 768 585 vexillum
783 520 1036 606 proponendum,
1060 519 1242 604 [quoderat

182 624 321 708 insigne,
348 645 421 690 cum
449 626 488 690 ad
515 646 603 691 arma
629 628 778 691 concurri
801 625 987 712 oporteret,]
1015 627 1143 710 signum
1164 624 1241 690 tuba

184 729 338 814 dandum,
364 732 403 796 ab
432 751 526 817 opere
553 733 723 797 revocandi
750 733 882 815 milites,
911 733 966 816 qui
992 732 1087 816 paulo
1114 732 1241 816 longius

184 838 307 921 aggeris
333 838 460 922 petendi
488 857 582 902 causa
604 844 834 922 processerant,
863 837 1055 922 arcessendi,
1084 839 1168 902 acies
1190 838 1241 901 in-

156 943 346 1026 astruenda,
377 945 495 1009 milites
522 944 719 1027 cohortandi,
751 945 878 1029 signum
906 943 1055 1007 dandum.
1106 963 1240 1028 quarum

184 1069 289 1112 rerum
325 1069 472 1134 magnam
508 1054 628 1134 partem
665 1051 815 1133 temporis
851 1050 990 1114 brevitas
1026 1055 1057 1113 et
1091 1050 1240 1114 incursus

155 1155 321 1219 ahostium
352 1155 553 1239 impediebat.
602 1156 653 1220 his
685 1155 923 1221 difficultatibus
956 1154 1038 1220 dnae
1068 1174 1120 1219 res
1151 1161 1241 1219 erant

183 1261 339 1346 subsidio,
376 1263 508 1326 scientia
544 1266 638 1346 atque
674 1282 753 1327 usus
789 1262 943 1343 militum,
980 1260 1066 1345 quod
1097 1262 1240 1344 superio-

181 1368 272 1432 ribus
297 1368 425 1452 proeliis
448 1368 626 1451 exercitati,
649 1368 727 1452 quid
749 1367 821 1433 fieri
848 1372 1018 1452 oporteret,
1045 1385 1111 1430 non
1132 1367 1240 1431 minus

182 1473 347 1538 commode
368 1473 430 1556 ipsi
451 1473 512 1537 sibi
534 1473 748 1557 praescribere
770 1493 867 1556 quarn
894 1472 933 1536 ab
957 1472 1028 1536 aliis
1055 1472 1163 1537 doceri
1185 1490 1241 1557 po·

181 1581 297 1660 terant,
325 1582 357 1642 et
380 1578 466 1661 quod
493 1578 532 1642 ab
556 1597 651 1662 opere
673 1579 871 1663 singulisque
895 1578 1075 1663 legionibus
1097 1579 1240 1662 singulos

182 1683 300 1766 legatos
333 1682 448 1749 Caesar
483 1683 645 1749 discedere
680 1685 743 1748 nisi
777 1685 909 1748 munitis
946 1685 1056 1748 castris
1087 1688 1239 1749 vetuerat.

155 1808 169 1852 a
184 1789 214 1851 bi
230 1793 358 1872 propter
372 1791 641 1873 propinquitatem
665 1793 696 1854 et
718 1790 909 1854 celeritatem
924 1789 1065 1854 hostiurn
1078 1790 1160 1852 nihil
1174 1790 1240 1853 iam

184 1895 325 1959 Caesaris
342 1895 513 1980 imperium
531 1895 754 1980 expectabant,
776 1896 832 1961 sed
849 1914 906 1980 per
924 1914 970 1980 se,
988 1913 1067 1978 quae
1089 1894 1240 1959 rideban-

127 2009 163 2067 21
182 2006 246 2086 tur,
274 2001 544 2066 administrabant.
591 2000 705 2067 Caesar
735 2003 921 2070 necessariis
953 2002 1048 2066 rebus
1078 2001 1240 2085 imperatis

183 2107 223 2170 ad
245 2107 452 2172 cohortandos
467 2109 594 2191 milites,
618 2127 714 2191 quam
738 2107 795 2192 [in]
818 2113 940 2192 partem
955 2107 1019 2172 fors
1035 2107 1163 2190 obtulit,
1187 2108 1240 2171 de·

155 2215 323 2280 arucunit
349 2220 381 2280 ot
406 2214 446 2278 ad
472 2215 630 2298 legionem
659 2214 814 2278 decimam
846 2215 980 2278 devenit
1026 2213 1143 2278 milites
1174 2232 1240 2277 non

182 2320 323 2404 longiore
346 2322 487 2385 oratione
509 2321 703 2403 cohortatus
728 2338 822 2402 quam
837 2321 886 2383 uti
907 2337 984 2383 suae
1003 2320 1155 2403 pristinae
1176 2320 1240 2383 vir-

182 2427 258 2489 tutis
280 2427 465 2490 memoriam
487 2428 660 2491 retinerent
684 2445 749 2490 neu
771 2425 1033 2509 perturbarentur
1054 2425 1161 2489 animo
1184 2424 1240 2490 ho-

154 2532 343 2613 estiumque
365 2533 518 2615 impetum
541 2531 664 2596 fortiter
686 2532 889 2613 sustinerent,
916 2529 1003 2613 quod
1024 2549 1089 2594 non
1111 2530 1239 2613 longius

182 2637 286 2700 hostes
300 2636 442 2720 aberant,
466 2656 561 2718 quam
585 2655 648 2720 quo
667 2636 766 2700 telum
787 2636 872 2720 adigi
886 2639 1004 2720 posset,
1026 2635 1138 2719 proelii
1153 2654 1239 2700 com·

154 2741 326 2805 amittendi
356 2742 484 2826 signum
515 2742 608 2806 dedit.
655 2747 751 2826 atque
780 2743 816 2805 in
848 2743 977 2806 alteram
1008 2745 1130 2825 partem
1161 2729 1238 2804 item

155 2847 366 2911 scohortandi
398 2868 493 2911 caua
523 2849 681 2932 profectus
714 2847 930 2932 pugnantibus
962 2847 1106 2911 occurrit.
1160 2850 1239 2910 tem·

181 2954 266 3038 poris
288 2957 376 3017 tanta
396 2954 455 3018 fuit
482 2943 639 3039 exiguitas
660 2955 863 3036 hostiumque
890 2958 955 3018 tam
977 2957 1106 3036 paratus
1128 2953 1169 3017 ad
1191 2952 1239 3016 di·

181 3059 363 3124 micandum
390 3061 528 3144 anin‘rus,
555 3065 683 3125 utnon
709 3059 803 3123 modo
831 3059 872 3122 ad
898 3059 1038 3143 insignia
1064 3078 1239 3124 accommo-

182 3165 298 3246 danda,
321 3166 375 3230 sed
399 3166 548 3231 etiamad
567 3167 673 3250 galeas
693 3165 872 3229 induendas
887 3165 1048 3248 scutisque
1067 3167 1240 3249 tegimenta

155 3272 375 3337 edetrahenda
396 3277 521 3356 tempus
544 3273 685 3337 defuerit
733 3290 828 3353 quam
856 3271 992 3353 quisque
1020 3270 1058 3334 ab
1088 3290 1182 3355 opere
1202 3271 1237 3334 in

181 3384 302 3460 partem
324 3398 401 3442 casu
429 3378 557 3442 devenit
584 3396 729 3461 quaeque
755 3378 858 3461 prima
879 3378 970 3461 signa
992 3378 1171 3460 conspexit,
1198 3377 1238 3441 ad

182 3484 259 3548 haec
281 3486 433 3566 constitit,
456 3503 497 3549 ne
519 3485 553 3548 in
570 3484 757 3566 quaerendis
780 3484 846 3548 suis
865 3483 1031 3567 pugnandi
1050 3487 1176 3567 tempus
1191 3483 1238 3546 di-

127 3594 164 3652 m
181 3589 328 3653 mitteret
364 3590 522 3654 Instructo
539 3591 694 3672 exercitu,
709 3590 810 3672 magis
825 3593 862 3652 ut
876 3589 939 3653 loci
953 3594 1069 3653 natura
1083 3589 1238 3653 deiectus·

183 3714 246 3778 que
269 3695 358 3760 collis
381 3702 413 3761 et
439 3696 610 3760 necessitas
637 3695 798 3778 temporis,
827 3713 923 3776 quarn
955 3700 992 3759 ut
1017 3694 1063 3757 rei
1089 3693 1237 3756 militaris

180 3801 261 3864 ratio
285 3806 379 3883 atque
402 3801 478 3865 ordo
500 3799 691 3884 posttdabat,
719 3819 794 3864 eum
821 3798 962 3863 diversae
990 3799 1130 3883 legiones
1157 3797 1237 3862 aliae

182 3907 245 3970 alic
266 3907 302 3971 in
323 3911 411 3991 parte
433 3906 577 3971 hostibus
600 3907 783 3972 resisterent
804 3905 1015 3990 saepibusque
1035 3903 1239 3987 densissimis,
