2738 4424
470 267 578 322 LIBER
594 267 616 322 1.
636 267 712 324 CAP.
728 269 844 322 13-17.
1165 255 1183 317 9

128 451 223 514 quem
251 449 293 495 ex
320 431 408 494 omni
434 429 598 514 provincia
621 433 653 493 et
674 428 816 493 Haeduis
840 432 934 510 atque
957 446 1067 492 eorum
1090 430 1185 493 sociis

127 543 271 602 coactum
295 535 443 618 habebat,
465 535 650 619 praemittit,
674 535 729 618 qui
751 534 893 617 videant,
921 552 1001 616 quas
1023 534 1058 598 in
1079 539 1185 618 partes

128 644 232 708 hostes
260 643 321 707 iter
341 643 465 706 faciant
512 640 567 724 qui
590 640 737 724 cupidius
760 640 968 704 novissimum
995 659 1109 724 agmen
1135 642 1214 708 in·a
1312 685 1318 705 .

128 751 229 814 seouti
262 749 366 812 alieno
398 747 467 811 loco
503 766 577 811 cum
609 747 752 829 equitatu
779 745 998 810 Helvetiorum
1028 746 1184 829 proelium

129 856 340 934 committunt3
365 858 396 917 et
416 852 512 937 pauci
535 852 574 916 de
591 853 708 916 nostris
726 852 850 916 cadunt.
888 870 950 934 quo
972 852 1091 935 proelio
1110 852 1211 921 sub-e

128 948 184 1024 lati
202 960 357 1044 Helvetii,
381 959 467 1041 quod
490 957 673 1042 quingentis
691 957 853 1040 equitibus
871 961 991 1021 tantam
1008 958 1185 1022 multitudi-

128 1086 202 1131 nem
227 1067 371 1148 equitum
394 1065 608 1148 propulerant,
634 1063 785 1128 audacius
808 1063 979 1128 subsistere
1002 1084 1067 1128 non
1090 1083 1185 1128 num·

130 1192 224 1255 quam
252 1177 283 1237 et
304 1172 477 1235 novissimo
501 1171 626 1253 agmine
649 1169 769 1252 proelio
791 1174 916 1234 nostros
937 1170 1091 1235 lacessere
1114 1189 1185 1234 coe-

128 1283 251 1362 perunt.
286 1277 400 1342 Caesar
421 1295 497 1340 suos
519 1295 538 1340 a
555 1275 675 1360 proelio
700 1275 882 1339 continebat
904 1261 940 1339 ac
958 1277 1032 1340 satis
1049 1274 1212 1344 habebats

128 1385 164 1447 in
190 1385 368 1468 praesentia
393 1383 516 1446 hostem
541 1382 662 1465 rapinis
694 1380 978 1466 [pabulationibus]
1009 1382 1185 1465 populatio·

128 1490 286 1573 nibusque
321 1487 496 1573 prohibere.
550 1489 596 1551 ita
632 1488 699 1551 dies
736 1488 860 1552 circiter
894 1487 960 1552 XV
1001 1488 1062 1552 iter
1101 1487 1212 1556 fece-s

128 1600 215 1679 runt,
246 1596 295 1660 uti
324 1597 407 1658 inter
432 1593 642 1657 novissimum
672 1594 812 1658 hostium
843 1613 956 1679 agmen
984 1600 1016 1659 et
1041 1599 1185 1658 nostrum

128 1703 269 1786 primum
295 1719 361 1764 non
388 1699 523 1782 amplius
551 1699 657 1780 quinis
684 1704 739 1764 aut
765 1701 851 1763 senis
877 1700 1006 1764 milibus
1032 1719 1185 1784 passuum

128 1808 303 1872 interesset
440 1860 442 1867 ,
1058 1859 1061 1865 .

216 1913 348 1977 Interim
380 1911 493 1976 cotidie
526 1910 641 1974 Caesar
670 1910 823 1975 Haeduos
855 1912 1062 1997 trumentum,
1098 1912 1239 1993 quod1c

130 2024 234 2084 essent
266 2018 393 2102 publice
425 2017 569 2101 polliciti,
609 2016 758 2100 flagitare.
808 2036 885 2082 nam
915 2022 1040 2102 propter
1066 2017 1211 2103 frigoras

130 2125 228 2211 [quod
243 2123 346 2189 Gallia
364 2123 422 2188 sub
447 2110 727 2207 septentrionibus,
750 2128 787 2187 ut
809 2128 880 2187 ante
903 2124 1022 2187 dictum
1045 2129 1104 2208 est,
1128 2143 1184 2207 po-

128 2232 190 2296 sita
212 2228 284 2314 est,]
306 2249 373 2293 non
392 2230 486 2293 modo
508 2229 667 2293 frumenta
688 2229 723 2292 in
745 2229 830 2312 agris
852 2233 976 2293 matina
997 2249 1064 2294 non
1087 2233 1184 2311 erant,

129 2337 186 2402 sed
211 2354 253 2400 ne
279 2335 390 2420 pabuli
413 2335 541 2418 quidem
563 2335 638 2399 satis
660 2354 776 2418 magna
802 2336 894 2418 copia
915 2334 1113 2419 suppetebat3
1147 2354 1212 2404 eos

130 2448 236 2507 autem
257 2442 430 2525 frumento,
458 2440 543 2522 quod
561 2439 694 2505 flumine
713 2441 809 2504 Arari
831 2441 967 2506 naribus
986 2441 1185 2524 subvexerat,

129 2553 293 2632 propterea
314 2547 363 2611 uti
384 2547 491 2611 minus
512 2550 645 2631 poterat,
670 2546 756 2628 quod
778 2547 840 2611 iter
866 2546 905 2611 ab
928 2547 1023 2612 Arari
1044 2546 1185 2612 Helvetii

130 2657 320 2736 averterant,
343 2673 362 2716 a
385 2652 500 2735 quibus
523 2651 684 2717 discedere
705 2652 840 2717 nolebat
882 2653 967 2717 diem
989 2671 1032 2718 ex
1054 2654 1104 2720 die
1128 2653 1214 2723 due

130 2780 202 2825 cere
225 2759 364 2825 Haedui:
389 2758 537 2840 conferri,
559 2759 759 2842 comportari,
782 2759 892 2824 adesse
916 2759 1027 2825 dicere.
1073 2760 1129 2825 ubi
1152 2777 1214 2828 sec

132 2866 251 2930 diutius
271 2866 345 2929 duci
361 2864 519 2930 intellexit
536 2868 568 2929 et
586 2864 670 2928 diem
687 2866 818 2948 instare,
841 2884 904 2949 quo
923 2865 974 2931 die
991 2865 1187 2930 numanum

131 2971 285 3036 militibus
306 2971 413 3036 metiri
439 2974 607 3054 oporteret,
635 2971 816 3035 convocatis
842 2989 954 3035 oormn
979 2970 1187 3055 principibus,

133 3097 269 3162 quorum
289 3095 437 3160 magnam
460 3076 582 3160 copiam
603 3076 637 3139 in
661 3077 772 3141 castris
793 3074 942 3159 habebat,
968 3078 1004 3142 in
1026 3077 1077 3142 his
1097 3076 1188 3141 Divi-

133 3185 219 3248 eiooo
248 3186 278 3246 et
303 3181 408 3266 Lisco,
441 3181 498 3265 qui
528 3200 652 3246 summo
679 3181 877 3266 magistratui
904 3187 1060 3267 praeerat,
1093 3200 1189 3266 quem

134 3287 356 3372 vergobretum
387 3285 545 3370 appellant
575 3285 715 3371 Haedui,
751 3287 809 3370 qui
840 3291 965 3353 creatu
994 3306 1122 3353 annuos
1157 3292 1191 3355 et

134 3397 217 3459 ritae
238 3393 389 3475 necisque
409 3387 445 3454 in
466 3411 541 3456 suos
562 3392 657 3458 habet
678 3397 876 3478 potestatem,
901 3394 1041 3479 graviter
1062 3398 1125 3461 eoa
1138 3412 1190 3463 w

107 3504 236 3584 ¹cusat,
261 3497 358 3582 quod,
380 3517 454 3562 eum
475 3516 580 3579 neque
603 3499 667 3563 emi
688 3516 794 3582 neque
810 3517 854 3565 ex
873 3499 957 3584 agris
978 3498 1066 3565 sumi
1223 3518 1226 3523 ·

135 3611 200 3672 tam
227 3604 404 3669 necessario
430 3609 584 3687 temporo,
610 3608 677 3669 tam
701 3604 890 3688 propinquis
914 3604 1078 3671 besb'bus-
1127 3612 1133 3679 J

135 3732 202 3778 non
228 3711 424 3793 sublevetur,
452 3710 638 3794 praesertim
665 3729 738 3775 omn
762 3727 944 3796 magnast
963 3716 1053 3798 parto

136 3817 283 3903 precibus
317 3817 471 3882 adductus
500 3815 621 3882 bellum
647 3817 834 3903 susceperit3
864 3817 967 3883 multo
1030 3816 1040 3835 '

138 3926 222 4009 vius,
246 3924 331 4008 quod
353 3923 395 3988 sit
417 3923 598 4008 destitutm,
624 3923 776 4009 queritur.
818 3922 900 3989 Tam
973 4008 979 4015 Ι
1049 3998 1052 4013 Ι
