2738 4424
184 266 204 328 8
571 280 677 338 BELLI
694 281 836 338 GALLICI

156 440 347 504 avctiorum.
395 442 481 524 quod
507 442 678 524 improviso
709 460 811 506 unum
842 462 960 526 pagum
992 443 1121 507 adortus
1153 448 1245 528 esset,

183 564 257 609 cum
283 547 319 630 ii,
347 547 404 630 qui
430 545 551 610 flumen
572 549 772 631 transissent,
799 550 866 612 suis
893 548 1051 612 auxilium
1072 547 1155 613 ferre
1177 568 1243 613 non

182 656 322 736 possent,
357 670 399 716 ne
432 653 472 717 ob
505 672 574 717 eam
605 673 674 718 rem
710 659 766 718 aut
797 673 873 718 suae
909 673 1099 738 magnopere
1130 655 1243 719 virtuti

156 757 335 823 atribueret
362 762 417 822 aut
442 759 526 842 ipsos
550 760 732 843 despiceret
778 778 812 824 se
836 760 881 823 ita
904 779 922 822 a
944 760 1087 843 patribus
1113 761 1243 824 maiori·

182 861 306 946 busque
323 865 390 928 suis
409 865 570 948 didicisse,
588 869 626 928 ut
642 866 744 948 magis
757 866 875 930 virtute
890 866 1125 949 contenderent,
1146 883 1241 947 quam

155 969 254 1036 udolc
282 974 338 1033 aut
367 970 495 1036 insidiis
521 971 708 1035 niterentur.
758 989 855 1052 quare
884 989 925 1035 ne
954 971 1174 1054 committeret,
1205 976 1242 1037 ut

180 1075 209 1137 is
226 1073 328 1160 locus,
351 1074 409 1139 ubi
427 1076 649 1158 constitissent,
668 1095 710 1141 ex
733 1076 907 1140 cadamitate
929 1076 1038 1160 populi
1056 1076 1192 1141 Romani
1210 1081 1242 1141 et

181 1180 395 1246 internecione
418 1183 577 1247 exercitus
598 1200 715 1246 nomen
740 1186 866 1265 caperet
887 1185 942 1246 aut
962 1183 1150 1246 memoriam
1169 1202 1241 1266 pro·

128 1294 161 1348 14
183 1287 278 1352 deret
309 1285 370 1351 His
384 1285 499 1352 ansar
517 1287 561 1352 ita
578 1286 753 1370 respondit:
778 1306 815 1352 eo
830 1287 891 1351 sibi
908 1288 1016 1351 minus
1034 1287 1241 1352 dubitationis

182 1392 263 1477 dari,
287 1392 374 1474 quod
396 1412 449 1458 eas
471 1412 536 1477 res,
560 1412 639 1477 quas
661 1393 756 1476 legati
773 1392 915 1459 Helvetii
933 1399 1240 1476 commemorassent,

180 1499 334 1562 memoria
351 1502 485 1583 teneret,
504 1505 598 1582 atque
617 1517 654 1563 eo
668 1500 796 1582 gravius
814 1499 909 1581 ferre,
929 1517 992 1581 quo
1006 1499 1113 1562 minus
1126 1500 1240 1562 merito

154 1604 289 1687 apopuli
311 1604 447 1670 Romani
475 1605 679 1685 accidissent;
709 1605 818 1687 quisi
845 1605 982 1670 alicuius
1010 1604 1147 1668 iniuriae
1175 1603 1239 1669 sibi

181 1710 326 1773 conscius
352 1710 480 1793 fuisset,
507 1729 575 1774 non
601 1710 699 1775 fuisse
728 1709 856 1774 difficile
884 1729 1007 1791 cauere3
1036 1711 1093 1775 sed
1120 1727 1158 1775 eo
1186 1710 1240 1774 de-

180 1819 319 1899 ceptum,
343 1815 428 1898 quod
450 1834 556 1899 neque
579 1817 782 1880 commissum
805 1836 824 1880 a
847 1835 881 1880 se
904 1816 1115 1900 intellegeret,
1142 1834 1240 1899 quare

153 1921 317 2004 utimeret,
348 1940 453 2004 neque
485 1923 555 1986 sine
587 1941 683 1986 causa
710 1922 888 1987 timendum
915 1927 1047 2005 putaret.
1098 1921 1185 2005 quod
1212 1921 1240 1986 si

179 2027 296 2091 veteris
319 2027 530 2092 contumeliae
553 2027 698 2091 oblivisci
716 2028 824 2111 vellet,
848 2048 927 2091 num
950 2028 1046 2092 etiam
1064 2027 1240 2091 recentium

178 2133 383 2216 iniuriarum,
412 2134 497 2217 quod
521 2152 559 2198 eo
581 2134 682 2198 inuito
705 2134 768 2198 iter
793 2133 1069 2217 perprorinciam
1091 2132 1239 2216 pervim

179 2244 395 2324 temptassent,
424 2240 509 2322 quod
532 2239 698 2321 Haeduos,
722 2240 807 2322 quod
829 2238 1015 2322 Ambarros,
1039 2238 1125 2320 quod
1146 2237 1238 2300 Allo-

153 2345 294 2429 rbrogas
315 2351 499 2429 vexassent,
523 2347 708 2411 memoriam
733 2345 889 2427 deponere
911 2344 1025 2427 posse?
1071 2343 1158 2426 quod
1180 2362 1239 2407 sua

179 2451 312 2515 victoria
338 2455 403 2515 tam
429 2451 603 2516 insolenter
624 2451 835 2535 gloriarentur
857 2450 1005 2532 quodque
1032 2453 1098 2514 tam
1120 2448 1177 2513 diu
1204 2467 1240 2513 se

179 2556 310 2640 impune
333 2557 466 2622 iniurias
493 2557 639 2621 intulisse
666 2557 909 2639 admirarentur,
937 2554 1049 2618 eodem
1070 2553 1238 2638 pertinere.
1275 2591 1278 2598 -

153 2680 348 2728 sconsuesse
371 2663 457 2727 enim
475 2663 551 2727 deos
569 2662 775 2746 immortaleS,
800 2680 862 2744 quo
881 2661 1011 2745 gravius
1034 2659 1179 2725 homines
1196 2679 1238 2724 ex

180 2769 425 2833 commutatione
456 2787 563 2833 rerum
595 2767 736 2850 doleant,
774 2785 855 2849 quos
890 2786 947 2850 pro
979 2766 1096 2831 scelere
1127 2784 1238 2830 eorum

179 2873 292 2946 ulcisci
314 2873 427 2958 velint,
452 2875 502 2938 his
525 2873 728 2938 secundiores
750 2873 910 2936 interdurn
932 2890 983 2936 res
1006 2877 1037 2936 et
1062 2871 1239 2936 diuturnio-

153 2998 248 3046 srem
272 2980 494 3064 impunitatem
516 2980 695 3044 concedere.
741 2997 815 3042 cum
837 2997 875 3043 ea
896 2980 941 3042 ita
963 2978 1040 3061 sint,
1067 2982 1185 3062 tamen,
1209 2978 1238 3042 si

180 3085 306 3151 obsides
324 3085 363 3150 ab
380 3087 420 3150 iis
439 3085 500 3150 sibi
519 3085 645 3168 dentur,
664 3086 713 3148 uti
732 3103 781 3167 ea,
800 3103 882 3167 quae
899 3083 1120 3167 polliceantur,
1138 3082 1238 3148 factu·

179 3212 232 3258 ros
249 3193 422 3276 intellegat,
446 3196 477 3256 et
498 3192 526 3255 si
543 3190 687 3254 Haeduis
706 3191 745 3254 de
763 3190 905 3273 iniuriis,
929 3208 1008 3271 quas
1030 3189 1108 3274 ipsis
1127 3190 1237 3253 sociis·

181 3317 243 3384 que
273 3318 384 3364 eornm
415 3297 592 3382 intulerint,
620 3298 697 3361 item
730 3297 758 3360 si
779 3295 1008 3380 Allobrogibus
1035 3295 1238 3378 satisfaciant,

154 3424 249 3472 rsese
280 3424 352 3469 cum
383 3404 426 3468 iis
456 3422 566 3487 pacem
598 3421 667 3468 esse
697 3403 863 3467 facturum.
912 3401 1025 3466 Divico
1058 3401 1235 3485 respondit:

181 3511 225 3576 ita
250 3510 416 3576 Helvetios
448 3530 467 3574 a
495 3509 669 3573 maioribus
696 3509 763 3573 suis
795 3509 955 3573 institutos
987 3527 1069 3592 esse,
1100 3507 1148 3570 uti
1181 3505 1236 3570 ob-

181 3618 264 3682 sides
290 3618 444 3701 accipere,
474 3636 541 3680 non
572 3616 647 3681 dare
673 3616 871 3696 consuerint;
904 3617 972 3678 eius
1003 3614 1051 3679 rei
1081 3612 1234 3696 populum

180 3723 358 3789 Romanum
399 3741 468 3787 esse
507 3727 627 3787 testem.
685 3722 745 3785 hoo
780 3740 931 3805 responso
969 3720 1041 3783 dato
1083 3718 1236 3782 discessit

129 3838 164 3892 15
181 3831 311 3895 Postero
335 3829 385 3892 die
409 3833 510 3892 castra
537 3847 578 3892 ex
606 3847 643 3894 eo
670 3827 740 3891 loco
768 3833 904 3891 movent
948 3826 1036 3889 idom
1063 3824 1137 3887 lacit
1159 3821 1237 3888 an-

182 3955 234 4002 sar
255 3934 494 4017 equitatumque
518 3953 657 4018 omnem,
680 3934 720 3997 ad
742 3952 912 3999 numerum
937 3937 1084 4013 quattuor
1102 3929 1237 4011 milium,
