2738 4424
212 201 274 264 152
605 219 868 276 emmanuet

211 377 345 442 duorum
374 377 516 463 dimittit,
544 380 656 445 eodem
681 381 846 446 mendacio
875 380 914 446 de
940 381 1037 446 caede
1064 380 1208 464 equitum
1235 381 1271 444 et

210 483 391 567 principum
404 489 579 569 permovet3
603 487 758 570 hortatur,
780 491 817 551 ut
833 487 929 552 simili
943 488 1074 569 ratione,
1089 489 1184 569 atque
1198 487 1269 568 ipsc

155 587 332 671 refecerit,
354 609 429 654 suas
451 591 583 654 iniurias
605 598 843 676 persequantur.
888 593 1086 677 Eporedorix
1101 591 1269 674 Haeduus,

210 713 334 759 summo
357 695 426 758 loco
449 700 542 760 natus
564 696 751 762 adulescens
774 701 805 762 et
826 716 968 762 summae
990 698 1078 760 domi
1099 696 1269 781 potentiae,

210 804 243 865 11
272 820 337 864 una
362 800 595 886 Viridomarus,
626 804 695 887 pari
726 807 828 867 aetate
859 807 891 868 st
922 803 1035 888 gratia,
1066 802 1123 867 scd
1149 819 1268 886 genero

211 906 341 991 dispari,
365 925 460 988 quern
475 906 587 973 Caesar
610 908 649 972 ab
664 907 828 974 Diviciaco
844 909 906 972 sibi
928 909 1081 973 traditum
1097 926 1139 972 cx
1152 906 1269 971 humili

211 1011 280 1078 loco
304 1013 344 1076 ad
366 1032 523 1077 summam
545 1013 730 1098 dignitatem
752 1015 955 1099 perduxerat,
982 1014 1016 1078 in
1040 1014 1184 1096 equitum
1205 1032 1268 1076 nu·

184 1137 298 1183 amero
330 1123 542 1183 convenerant
572 1120 761 1184 nominatim
791 1118 830 1184 ab
863 1139 900 1185 1ο
932 1119 1063 1184 evocati
1116 1119 1168 1183 his
1199 1121 1269 1183 erat

212 1225 294 1289 inter
315 1243 349 1290 se
373 1224 412 1288 de
433 1225 613 1308 principatu
636 1226 808 1309 contentio,
836 1231 868 1291 et
893 1227 928 1289 in
950 1227 1006 1290 illa
1026 1225 1269 1310 magistratuum

211 1330 425 1395 controversia
447 1329 527 1395 altar
548 1350 604 1415 pro
622 1331 883 1415 Convictolitavs,
906 1331 986 1396 alter
1006 1350 1063 1415 pro
1080 1329 1158 1395 Ooto
1181 1349 1268 1394 sum-

183 1436 272 1500 amis
295 1435 407 1519 opibus
429 1441 654 1520 pugnaverant
699 1457 742 1502 ex
756 1438 807 1502 his
826 1437 1025 1523 Eporedorix
1040 1437 1166 1521 cognito
1181 1435 1268 1500 Lita-

211 1540 295 1605 vicci
316 1540 447 1604 oonsilio
469 1541 662 1607 mediatore
684 1546 777 1608 nocta
799 1561 868 1608 rem
894 1543 935 1606 ad
958 1542 1124 1606 Caesarem
1150 1541 1267 1622 defert3

212 1648 292 1728 orat,
315 1664 356 1709 ne
378 1647 515 1729 patiatur
537 1648 697 1712 civitatem
723 1649 830 1732 pravis
853 1648 1105 1714 adulescentium
1127 1646 1268 1711 consiliis

212 1749 251 1816 ab
275 1752 413 1817 amicitia
433 1753 544 1837 populi
565 1753 702 1818 Romani
724 1753 870 1837 deficere,
892 1754 979 1838 quod
997 1753 1140 1817 futurum
1161 1753 1269 1837 prori-

214 1858 298 1941 dcat,
320 1858 350 1922 si
371 1877 405 1924 ss
428 1862 475 1923 tot
496 1859 661 1923 hominum
683 1859 771 1923 milia
785 1878 859 1923 cum
873 1859 1018 1923 hostibus
1034 1859 1269 1941 coniunxerint,

213 1983 349 2049 quorum
371 1964 505 2030 salutem
527 1983 631 2047 neque
653 1966 824 2049 propinqui
847 1965 1014 2049 neglegere
1035 1982 1141 2048 nequa
1154 1963 1269 2029 civitas

157 2080 195 2137 40
211 2070 277 2134 leri
297 2075 457 2134 momento
481 2071 647 2135 aestimare
668 2072 775 2155 possit
820 2069 936 2156 Magna
959 2070 1098 2134 adfeobrs
1113 2069 1268 2134 sollicitu-

213 2175 289 2240 dine
310 2176 371 2240 hoc
392 2177 504 2240 nuntio
529 2175 655 2261 Cacsar,
679 2177 765 2260 quod
779 2189 904 2260 semper
917 2174 1125 2240 Haeduorum
1147 2174 1269 2239 civitati

212 2282 380 2366 praecipua
402 2282 590 2363 indulserat,
613 2282 702 2346 nulla
716 2283 902 2366 interposita
916 2281 1111 2346 dubitatione
1127 2279 1268 2364 legiones

213 2388 376 2472 expeditas
407 2388 473 2452 1111
504 2389 742 2472 equitatumque
773 2407 899 2452 omnem
935 2407 976 2453 ex
1007 2387 1119 2452 castris
1152 2386 1268 2469 educit,

186 2510 272 2558 nnec
294 2493 356 2556 fuit
377 2494 514 2577 spatium
528 2494 585 2556 tali
599 2498 739 2578 tempore
754 2493 794 2557 ad
809 2492 1022 2558 coutrahmda
1045 2497 1157 2574 castra,
1181 2491 1268 2575 quod

184 2616 264 2662 arcs
285 2599 389 2681 posita
409 2600 444 2661 in
459 2599 617 2663 celeritate
632 2599 811 2681 videbatur3
836 2596 868 2662 C.
883 2597 1018 2662 Fabium
1040 2598 1178 2682 legatum
1193 2616 1268 2660 cum

211 2702 391 2786 legionibus
414 2703 538 2768 duabus
561 2705 671 2770 castris
688 2705 845 2788 praesidio
860 2705 1019 2788 relinquit
1056 2703 1169 2768 fratres
1182 2701 1267 2767 Lita-

212 2808 294 2872 vicci
321 2828 395 2874 cum
426 2810 650 2893 comprehendi
675 2811 830 2895 iussisset,
862 2810 957 2894 paulo
985 2813 1057 2874 ante
1084 2808 1201 2893 reperit
1225 2808 1268 2873 ad

185 2915 318 2980 chortes
339 2914 523 2999 profugisse.
568 2915 751 2981 adhortatus
773 2916 904 2998 milites,
924 2934 966 2980 ne
987 2915 1164 2981 necessario
1187 2917 1267 2978 tem-

212 3039 288 3106 pore
310 3021 434 3086 itineris
459 3020 568 3085 laboro
594 3025 852 3106 permoveantur,
879 3021 1093 3105 cupidissimis
1120 3019 1267 3084 omnibus

212 3146 396 3213 progressus
418 3127 506 3191 milia
527 3147 678 3211 passuum
700 3127 807 3211 XXV,
830 3145 942 3211 agmen
963 3125 1170 3191 Haeduorum
1191 3143 1267 3190 con-

213 3235 364 3318 spicatum
387 3234 529 3298 immisso
552 3234 696 3317 equitatu
717 3235 778 3298 iter
800 3252 910 3299 eorum
932 3236 1074 3296 moratur
1095 3235 1191 3316 atque
1208 3231 1268 3294 im-

212 3340 301 3425 pedit
330 3340 555 3422 interdicitque
586 3340 748 3423 omnibus,
778 3359 820 3405 ns
848 3357 1041 3423 quemquam
1069 3335 1268 3402 interficiant

187 3445 460 3530 rEporedorigem
482 3450 514 3511 et
527 3445 779 3528 Viridomarum,
802 3463 882 3529 quos
904 3445 952 3508 illi
966 3443 1145 3508 interfectos
1160 3442 1268 3507 existi·

188 3552 355 3633 amabant,
378 3552 461 3615 inter
482 3552 605 3634 equites
619 3553 740 3617 versari
754 3568 892 3634 suosque
907 3549 1063 3634 appellare
1085 3548 1181 3613 iubet
1218 3547 1269 3611 hie

214 3658 349 3740 cognitis
373 3661 404 3720 11
424 3656 576 3721 Litavicci
597 3656 708 3722 frauda
730 3660 891 3740 perspecta
912 3654 1042 3720 Haedui
1064 3673 1179 3719 manus
1201 3657 1270 3716 ten-

216 3761 290 3827 dere
312 3767 343 3826 et
365 3762 559 3826 deditionem
580 3760 760 3846 significare
786 3764 818 3826 11
838 3760 987 3844 proiectis
1014 3762 1109 3825 armis
1136 3763 1271 3824 mortam

189 3887 202 3934 r
216 3865 378 3950 deprecari
393 3867 559 3950 incipiunt
592 3865 771 3931 Litaviccus
786 3885 859 3930 cum
874 3867 940 3931 suis
956 3866 1139 3950 clientibus,
1155 3864 1272 3948 quibus
