2738 4424
354 315 462 371 LIBER
479 316 540 371 VII.
559 316 635 371 CAP.
653 315 801 372 eo-Vffl.
821 316 896 372 clf.
914 315 940 371 2.
1109 299 1171 364 179

125 495 181 540 111
198 476 305 559 etiam,
329 495 423 559 quam
446 476 536 540 facile
560 481 654 559 atque
676 477 819 542 celeriter
840 496 894 542 eos
916 477 1091 560 perfecerit,
1113 475 1174 541 sci·

122 601 201 646 mus.
240 586 307 646 erat
328 586 432 646 autem
455 582 491 645 in
510 581 639 646 Caesare
662 602 735 646 cum
751 583 883 646 facultas
905 587 1000 665 atque
1019 581 1200 665 elegantiae
1252 658 1254 660 ,

122 707 245 753 summa
267 687 439 771 scribendi,
461 693 528 752 tum
543 688 708 752 verissima
730 689 861 752 scientia
881 707 1011 752 suorum
1026 687 1173 750 consilio·

122 813 193 857 rum
221 793 488 876 explicandorum.
533 793 612 856 mihi
642 812 683 856 ne
709 793 788 857 illud
821 794 949 875 quidem
981 792 1106 875 accidit,
1137 795 1200 862 uta

122 898 340 963 Alexandrino
365 902 460 981 atque
482 898 633 963 Africano
655 898 739 962 bello
762 899 959 981 interessem3
988 917 1069 980 quae
1090 897 1175 961 bella

123 1023 315 1087 quamquam
344 1023 385 1070 ex
412 1009 501 1088 parte
527 1004 619 1068 nobis
647 1004 788 1069 Caesaris
815 1023 959 1070 sermone
990 1007 1064 1068 sunt
1090 1007 1174 1086 nota,

121 1115 227 1175 tamen
250 1109 342 1174 aliter
363 1110 509 1173 audimus
531 1128 581 1192 ea,
605 1129 686 1193 quae
708 1128 814 1175 rerum
836 1111 975 1175 novitate
998 1113 1054 1173 aut
1075 1108 1175 1173 admi·

121 1216 244 1280 ratione
270 1233 330 1280 nos
357 1217 498 1300 capiunt,
530 1216 631 1300 aliter,
665 1233 746 1298 quae
772 1235 829 1300 pro
856 1216 1034 1280 testimonio
1064 1232 1174 1278 sumus

122 1322 245 1385 dicturi.
282 1321 338 1386 sed
354 1339 412 1405 ego
427 1321 592 1404 nimirum,
615 1321 692 1384 dum
713 1340 821 1386 omnes
836 1323 1048 1387 excusationis
1063 1339 1200 1389 causass

120 1427 249 1512 colligo,
275 1446 317 1491 ns
339 1446 413 1490 curn
436 1426 567 1491 Caesare
589 1427 745 1511 conterar,
771 1429 832 1492 hoo
856 1427 924 1512 ipso
948 1428 1066 1491 crimen
1089 1445 1174 1490 arro-

120 1535 244 1616 gantiae
260 1532 366 1616 subeo,
381 1533 467 1615 quod
481 1550 532 1596 me
547 1532 668 1597 iudicio
684 1533 872 1615 cuiusquam
888 1533 1067 1598 existimem
1081 1550 1173 1617 posse

120 1657 194 1701 cum
217 1636 349 1702 Caesare
372 1639 554 1721 comparari
587 1638 668 1703 vale.

209 1847 303 1913 Omni
327 1847 430 1912 Gallia
452 1848 576 1913 devicta
599 1848 808 1913 Caesareum
831 1869 850 1912 a
872 1850 1034 1933 superiore
1057 1853 1207 1921 aestatel

119 1953 244 2018 nullum
266 1952 405 2019 bellandi
428 1958 553 2036 tempus
574 1954 794 2019 intermisisset
819 1956 999 2037 militesque
1025 1954 1173 2019 hiberno·

118 2079 191 2123 rum
220 2060 325 2141 quiete
352 2058 481 2124 reficere
509 2079 527 2122 a
553 2061 649 2123 tantis
675 2059 834 2124 laboribus
861 2060 970 2144 vellet,
997 2059 1173 2143 complures

120 2163 230 2229 eodem
257 2169 399 2249 tempore
426 2164 567 2230 civitates
594 2183 746 2229 renorma
777 2165 853 2230 belli
885 2166 1015 2230 consilia
1046 2167 1173 2230 nuntia·

118 2271 235 2335 bantur
266 2270 564 2352 coniurationesque
595 2270 706 2334 facere.
757 2273 849 2335 ouius
879 2273 926 2336 rei
957 2272 1025 2335 veri
1057 2271 1198 2337 similias

119 2396 215 2441 causa
241 2375 452 2458 adserebatur,
484 2377 570 2458 quod
597 2376 696 2441 Gallis
723 2376 869 2441 omnibus
901 2378 1062 2462 cognitum
1089 2381 1172 2441 esset

119 2501 223 2566 nsque
256 2482 322 2546 ulla
351 2482 555 2547 multitudine
588 2483 622 2545 in
655 2501 756 2546 unum
789 2483 896 2547 locum
927 2488 1035 2548 coacta
1066 2481 1170 2548 resisti

119 2608 210 2673 posse
239 2587 403 2672 Romanis,
434 2605 506 2672 nec,
537 2589 565 2652 si
593 2588 715 2651 diversa
745 2587 828 2653 bella
855 2589 1033 2673 complures
1059 2588 1170 2653 eodem

119 2700 259 2777 tempore
285 2694 467 2758 intulissent
493 2693 646 2778 civitates,
673 2694 749 2758 satis
776 2694 888 2758 auxilii
914 2698 970 2759 aut
995 2694 1089 2778 spatii
1116 2698 1171 2759 aut

120 2799 281 2882 copiarum
303 2799 485 2862 habiturum
509 2801 683 2864 exercitum
705 2800 814 2883 populi
836 2799 971 2864 Romani
998 2800 1037 2863 ad
1064 2801 1171 2864 omnia

119 2904 349 2988 persequenda;
381 2923 447 2968 non
475 2923 542 2970 1111
569 2910 675 2969 autem
706 2906 801 2969 alicui
828 2907 947 2970 civitati
979 2911 1095 2970 sortem
1121 2906 1196 2972 in-a

120 3007 277 3073 commodi
302 3010 524 3092 recusandam,
556 3011 583 3074 si
610 3011 666 3074 tali
691 3030 781 3074 mora
810 3012 951 3094 reliquas
982 3016 1109 3095 possent
1135 3029 1170 3074 se

119 3114 281 3178 vindicare
306 3115 342 3177 in
367 3114 551 3180 libertatem.
597 3115 684 3192 Quae
710 3135 751 3181 11
780 3118 885 3201 opinio
909 3116 1070 3181 Gallorum
1096 3129 1204 3185 con-2

119 3220 310 3302 firmaretur,
333 3217 447 3284 Caesar
463 3219 505 3282 Μ.
521 3220 698 3285 Antonium
721 3227 919 3303 quaestorem
941 3223 1008 3286 suis
1022 3223 1171 3305 praefecit

119 3326 271 3407 hibernis3
294 3326 362 3408 ipse
380 3344 453 3389 oum
471 3325 613 3408 equitum
632 3326 786 3408 praesidio
804 3327 905 3410 pridie
923 3327 993 3391 Kal.
1008 3327 1170 3394 Ianuarias

120 3432 159 3496 ab
183 3430 297 3514 oppido
312 3430 459 3495 Bibracte
481 3419 691 3515 proficiscitur
713 3433 753 3496 ad
774 3432 932 3516 legionem
951 3433 1051 3517 ΧΠΙ.,
1075 3455 1170 3516 quam

119 3557 185 3602 non
211 3538 305 3621 longe
332 3556 351 3600 1
376 3536 494 3600 finibus
515 3536 722 3601 Haeduorum
750 3539 969 3603 conlocavsrat
993 3541 1027 3603 iu
1054 3539 1171 3604 finibus

119 3644 314 3728 Biturigum,
341 3643 434 3725 eique
462 3642 606 3726 adiungit
631 3643 788 3726 legionem
815 3643 886 3727 XL,
919 3664 999 3726 quae
1026 3648 1172 3729 proxima

118 3750 230 3815 fuerat
274 3748 359 3812 binis
386 3748 568 3812 cohortibus
595 3748 633 3811 ad
661 3749 886 3831 impedimenta
913 3751 1030 3815 tuenda
1054 3752 1198 3819 relictisa

118 3856 277 3937 reliquum
299 3854 474 3918 exercitum
496 3853 531 3916 in
553 3855 786 3937 copiosissimos
809 3874 900 3939 agros
918 3856 1099 3940 Biturigum
1123 3859 1171 3920 111-

118 3961 221 4043 ducit,
249 3960 317 4044 qui,
340 3977 413 4023 curn
434 3959 515 4023 latos
536 3958 616 4024 fines
638 3964 670 4024 et
692 3962 855 4044 complura
877 3962 991 4046 oppida
1012 3963 1172 4045 haberent,

962 4083 1015 4138 12*
