2738 4424
472 253 579 310 amna
595 236 867 310 rueras-12.
1135 240 1197 303 137

142 413 265 478 hostem
299 414 493 497 relinqueret
523 422 554 481 et
590 435 653 498 quo
695 415 889 500 expeditiore
924 434 960 479 re
995 414 1200 479 frumentaria

143 523 299 603 uteretru,
322 540 504 605 oppugnare
526 522 616 586 instit
641 522 665 585 't
688 540 789 605 eoque
811 520 909 585 biduo
937 521 1197 602 circumvallavit3

144 625 237 690 tertio
261 625 312 691 die
333 626 439 691 missis
463 645 505 690 ex
525 627 639 711 oppido
654 626 765 710 legatis
781 627 820 690 de
835 627 993 690 deditione
1016 645 1102 689 arma
1124 645 1230 695 con-a

143 730 231 814 ferri,
252 732 394 797 iumenta
414 732 561 816 produci,
588 740 746 797 sescentos
774 732 898 797 obsides
926 733 994 796 dari
1021 731 1117 795 iubet
1162 750 1229 800 eoa

145 837 201 920 qui
223 836 404 921 conficeret,
432 835 464 901 C.
486 837 678 902 Trebonium
700 838 839 922 legatum
866 838 1030 920 relinquit,
1058 839 1137 921 ipse,
1164 841 1201 901 ut

145 943 401 1027 quamprimum
426 942 689 1027 iterconfioeret,
717 941 878 1008 Cenabum
906 942 1078 1008 Carnutum
1105 941 1201 1027 profi·

145 1048 285 1112 ciscitur.
330 1048 387 1132 qui
409 1052 478 1113 tum
499 1049 638 1131 primum
660 1048 765 1112 adlato
780 1050 894 1112 nuntio
911 1050 950 1113 de
966 1049 1230 1132 oppugnationes

144 1153 393 1238 Vellaunoduni,
415 1173 490 1219 cum
511 1154 637 1238 longius
660 1173 729 1219 eam
743 1173 810 1219 rem
826 1155 957 1218 ductum
979 1154 1017 1217 iri
1041 1154 1200 1218 existima·

144 1263 229 1343 rent,
249 1259 443 1344 praesidium
465 1259 586 1325 Cenabi
607 1260 718 1325 tuendi
741 1278 848 1339 causa,
871 1261 956 1342 quod
979 1278 1016 1324 eo
1031 1261 1199 1341 mitterent,

145 1364 376 1450 comparabant
420 1365 485 1430 huc
506 1365 603 1429 biduo
626 1366 776 1450 pervenit
821 1367 931 1430 castris
954 1373 1027 1429 ante
1050 1364 1229 1449 oppidums

144 1472 255 1554 positis
278 1471 340 1535 diei
362 1475 503 1555 tempore
526 1471 675 1536 exclusus
697 1471 732 1535 in
753 1479 915 1555 posterum
934 1473 1199 1555 oppugnationem

145 1576 262 1660 differt,
286 1594 431 1659 quaeque
453 1576 494 1641 ad
516 1595 586 1640 eam
603 1595 672 1641 rem
694 1577 767 1642 usui
790 1579 866 1658 sint,
888 1576 1043 1640 militibus
1065 1577 1201 1661 imperat

146 1687 189 1765 et,
213 1681 298 1765 quod
321 1681 472 1766 oppidum
490 1680 653 1746 Cenabum
673 1701 754 1767 pons
770 1682 912 1746 fluminis
935 1682 1055 1766 Ligeris
1078 1683 1229 1752 contin-e

145 1787 252 1872 gebat,
274 1788 408 1872 veritus,
430 1806 472 1852 ne
493 1791 592 1852 noctu
614 1806 656 1852 ex
678 1788 793 1873 oppido
815 1789 1030 1872 profugerent,
1054 1787 1132 1851 duas
1154 1787 1199 1852 le-

144 1893 255 1977 giones
277 1893 312 1956 in
334 1894 430 1957 armis
452 1893 612 1958 excubare
638 1893 734 1958 iubet
780 1891 980 1958 Cenabenses
1003 1893 1098 1977 paulo
1126 1897 1227 1964 anter

144 1999 283 2064 mediam
304 2003 431 2064 noctem
453 1998 580 2064 silentio
608 2019 650 2064 ex
673 1999 788 2083 oppido
812 2001 930 2083 egressi
952 1998 1071 2062 flumen
1098 2005 1198 2062 nans-

144 2106 191 2171 ire
214 2110 393 2189 coeperrmt
440 2124 502 2188 qua
527 2122 563 2169 re
589 2123 646 2190 per
673 2105 886 2189 exploratores
912 2105 1060 2170 nuntiata
1086 2103 1228 2174 Caesare

144 2211 298 2296 legiones,
322 2229 400 2293 quas
423 2210 588 2294 expeditas
611 2229 679 2275 esse
701 2211 847 2294 iusserat,
869 2210 969 2294 portis
990 2211 1128 2274 incensis
1150 2210 1200 2274 in·

143 2318 290 2382 tremittit
312 2323 407 2399 atque
435 2317 549 2401 oppido
571 2318 690 2401 potitur
715 2317 881 2401 perpaucis
907 2334 949 2381 ex
975 2317 1115 2380 hostium
1141 2335 1201 2380 nu·

143 2442 232 2489 mero
264 2423 460 2506 desideratis,
496 2423 573 2506 quin
605 2423 712 2487 cuncti
743 2428 942 2507 caperentur,
979 2421 1064 2503 quod
1094 2422 1200 2506 pontis

144 2533 240 2613 atque
262 2529 414 2592 itinerum
429 2528 594 2614 angustiae
608 2529 805 2593 multitudini
827 2529 933 2612 fugam
948 2527 1200 2592 intercluserant

145 2635 297 2720 oppidum
320 2633 429 2718 diripit
450 2638 546 2715 atque
567 2634 722 2718 incendit,
748 2634 897 2718 praedam
918 2632 1073 2698 militibus
1095 2634 1229 2719 donata

146 2741 322 2805 exercitum
343 2738 480 2824 Ligerim
503 2739 640 2804 traducit
661 2745 755 2822 atque
776 2740 811 2803 in
834 2739 1014 2823 Binnigum
1028 2737 1108 2804 fines
1129 2759 1200 2824 per·

146 2847 242 2911 venit.
286 2846 542 2931 Vercingetorix,
570 2845 626 2909 ubi
648 2846 687 2909 de
710 2843 850 2909 Caesaris
877 2845 1016 2910 adventu
1043 2847 1200 2929 cognovit,
1217 2861 1256 2918 12

147 2951 381 3034 oppugnatione
408 2952 529 3016 desistit
555 2956 650 3034 atque
677 2951 802 3015 obviam
829 2949 955 3016 Caesari
985 2952 1200 3035 proficiscitur.

146 3056 203 3120 ille
226 3057 377 3141 oppidum
398 3057 580 3140 Biturigum
602 3060 739 3140 positum
765 3057 801 3119 in
823 3058 875 3119 ria
896 3056 1123 3121 Noviodunum
1146 3075 1229 3139 op·a

146 3180 289 3246 pugnare
310 3162 497 3227 instituerat.
543 3182 606 3246 quo
633 3181 676 3228 ex
698 3163 811 3246 oppido
839 3181 913 3226 cum
938 3162 1034 3245 legati
1060 3162 1100 3226 ad
1127 3179 1230 3229 eume

147 3268 310 3332 venissent
336 3270 472 3350 metm,
498 3271 535 3331 ut
561 3267 623 3331 sibi
648 3269 824 3352 ignosceret
849 3285 989 3349 suaeque
1017 3268 1100 3332 vitae
1127 3286 1201 3330 con-

148 3374 278 3458 suleret,
300 3378 338 3438 ut
360 3373 519 3439 celeritate
541 3373 681 3455 reliquas
695 3391 746 3437 res
761 3371 944 3455 conficeret,
967 3391 1030 3454 qua
1051 3372 1201 3457 pleraque

149 3483 216 3545 erat
247 3484 448 3562 consecutus,
481 3498 569 3542 arma
595 3477 743 3560 conferri,
774 3496 873 3560 equos
898 3478 1045 3562 produci,
1077 3479 1202 3543 obsides

149 3585 217 3649 dari
239 3584 336 3650 iubet
380 3588 469 3669 parte
491 3585 555 3648 iam
579 3583 725 3648 obsidum
747 3583 875 3665 tradita,
903 3604 975 3648 cum
998 3585 1122 3667 reliqua
1148 3585 1231 3654 adq

148 3692 416 3776 ministrarentur,
439 3690 679 3755 centurionibus
701 3694 733 3754 et
750 3690 860 3774 paucis
875 3690 1030 3754 militibus
1044 3691 1203 3755 intromis-

148 3798 205 3880 sis,
229 3797 284 3880 qui
299 3815 387 3862 arma
401 3796 606 3878 iumentaque
626 3796 861 3877 conquirerent,
884 3796 1043 3878 equitatus
1064 3797 1203 3861 hostium

147 3903 260 3988 procul
282 3902 371 3968 visus
393 3910 454 3984 est,
476 3903 532 3985 qui
555 3920 669 3986 agmen
690 3901 960 3986 Vercingetorigis
987 3907 1204 3967 antecesserat
