2738 4424
188 237 229 301 76
582 252 688 308 eamr
706 253 847 310 emmor

132 416 374 494 aequaverunt
410 411 593 497 Pugnatum
604 419 652 479 est
662 415 702 479 ab
713 415 858 498 utrisque
874 415 996 481 acriter.
1018 414 1120 479 nostri
1129 417 1245 499 tamen,

117 562 120 567 -
187 517 273 601 quod
295 536 400 601 neque
423 519 550 585 ordines
569 537 696 585 servare
710 538 816 603 nequo
831 519 964 587 firmiter
977 522 1124 587 insistere
1139 539 1244 604 neque

186 624 278 708 signa
294 624 447 708 subsequi
465 629 610 709 poterant
632 629 728 710 atque
750 626 832 692 alius
855 627 920 691 alia
942 645 983 691 ex
1007 627 1095 711 navi,
1113 626 1244 710 quibus-

187 747 324 812 cumque
336 730 435 815 signis
450 735 637 814 occurrerat,
652 750 686 797 se
701 733 901 818 adgregabat,
916 751 1107 817 magnopere
1121 736 1245 816 pertur-

160 834 356 919 rbabantur3
380 837 487 902 hostes
509 856 586 902 vero
609 838 692 902 notis
714 839 862 903 omnibus
884 839 986 924 vadis,
1008 838 1065 903 ubi
1088 856 1130 902 ex
1151 838 1244 902 litore

186 941 310 1025 aliquos
332 943 510 1027 singulares
533 963 576 1009 ex
596 943 672 1008 nari
700 945 897 1029 egredientes
924 947 1168 1029 conspexerant,
1194 944 1245 1007 in-

159 1048 290 1117 acitatis
317 1050 408 1132 equis
433 1049 600 1133 impeditos
632 1049 870 1133 adoriebantur,
900 1050 1008 1135 plures
1034 1069 1152 1136 paucos
1184 1051 1245 1114 cir·

186 1154 423 1238 oumsistebant,
447 1155 502 1218 alii
524 1154 563 1220 ab
586 1154 685 1219 latere
708 1159 815 1239 aperto
839 1156 873 1220 in
895 1156 1063 1221 universos
1090 1155 1153 1220 tela
1179 1155 1244 1219 eoi-

158 1258 318 1328 rciebant
364 1261 451 1343 quod
472 1278 545 1324 cum
568 1260 843 1326 animadvertisset
866 1261 992 1345 Caesar,
1019 1261 1152 1345 scaphas
1172 1259 1244 1324 lon·

184 1384 298 1450 garum
311 1367 450 1447 navimn,
464 1366 542 1431 item
556 1366 766 1450 speculatoria
780 1368 909 1451 navigia
922 1366 1076 1432 militibus
1092 1365 1244 1449 compleri

184 1471 278 1535 iussit
299 1475 343 1556 et,
367 1490 447 1554 quos
468 1471 648 1537 laborantes
676 1476 896 1557 conspexerat,
924 1472 973 1537 his
1000 1471 1144 1537 subsidia
1167 1471 1243 1536 sub·

158 1577 336 1647 smittebat
380 1579 493 1660 nostri,
515 1577 611 1642 simul
632 1579 667 1642 in
682 1578 771 1642 arido
787 1578 997 1643 constiterunt
1011 1578 1078 1643 suis
1094 1576 1244 1642 omnibus

184 1684 375 1766 consecutis,
396 1683 432 1748 in
446 1684 553 1748 hostes
567 1684 722 1767 impetum
736 1683 880 1749 fecerunt
894 1688 988 1767 atque
1007 1702 1062 1749 eos
1083 1683 1120 1747 in
1133 1683 1243 1768 fugam

184 1787 353 1870 dederunt;
376 1807 482 1871 neque
504 1789 631 1872 longius
645 1789 795 1873 prosequi
810 1793 995 1874 potuemmt,
1019 1789 1104 1872 quod
1119 1788 1244 1872 equites

184 1913 313 1960 cursum
334 1899 443 1960 tenere
465 1899 560 1978 atque
583 1894 721 1959 insulam
743 1914 855 1980 capere
877 1913 943 1959 non
964 1898 1141 1980 potuerant
1181 1894 1244 1959 hoc

130 2005 164 2064 2⁷
183 2020 285 2066 unum
308 2001 348 2065 ad
370 2001 535 2085 pristinam
557 2001 717 2065 fortunam
732 2000 858 2066 Caesari
874 2001 982 2066 defuit
1019 1999 1137 2065 Hostes
1151 2019 1244 2084 proo-

181 2106 226 2171 lio
249 2107 401 2191 superati,
428 2105 523 2170 simul
552 2110 647 2189 atque
675 2125 710 2171 se
738 2125 780 2171 ex
806 2107 882 2191 iuga
907 2109 1109 2191 receperunt,
1136 2106 1242 2171 statim

182 2212 223 2278 ad
250 2212 415 2278 Caesarem
441 2213 563 2296 legatos
586 2211 625 2276 de
647 2231 725 2296 pace
751 2213 921 2293 miserunt;
950 2210 1075 2276 obsides
1104 2211 1243 2293 daturos,

155 2337 328 2401 aquaeque
345 2320 543 2402 imperasset,
566 2317 704 2382 facturos
724 2336 794 2382 sese
808 2318 942 2402 polliciti
956 2320 1039 2382 sunt
1080 2335 1145 2380 una
1167 2335 1241 2380 cum

181 2424 231 2488 his
253 2423 364 2508 legatis
387 2422 549 2488 Commius
571 2422 708 2488 Atrebas
735 2423 836 2507 venit,
865 2441 961 2505 quem
988 2441 1084 2506 supra
1111 2422 1243 2486 demon-

155 2533 354 2596 sstraveram
385 2548 405 2592 a
431 2528 564 2594 Caesare
595 2529 629 2592 in
656 2528 855 2592 Britanniam
887 2529 1104 2612 praemissum.
1153 2527 1242 2593 hunc

181 2634 229 2698 illi
252 2653 270 2698 e
292 2635 367 2697 navi
390 2653 567 2718 egressum,
590 2653 664 2698 cum
687 2635 727 2699 ad
750 2653 804 2699 eos
828 2635 960 2700 oratoris
978 2633 1073 2698 modo
1098 2632 1243 2699 Caesaris

181 2740 329 2804 mandata
351 2739 499 2822 deferret,
522 2741 825 2824 comprehenderant
846 2744 942 2823 atque
964 2741 998 2804 in
1013 2738 1143 2804 vincula
1165 2757 1241 2803 con·

155 2846 334 2926 rieoerant3
359 2850 428 2908 tum
449 2846 569 2931 proelio
592 2847 673 2910 facto
695 2846 887 2911 remiserunt
909 2850 941 2911 et
962 2845 1148 2930 impetenda
1162 2864 1242 2929 paee

182 2952 251 3017 eius
274 2953 321 3016 rei
344 2951 469 3036 culpam
491 2953 526 3016 in
547 2952 786 3017 multitudinem
809 2952 1014 3016 contulerunt
1040 2955 1084 3035 et,
1112 2955 1242 3034 propter

155 3058 425 3143 rimprudentiam
439 3062 477 3122 ut
491 3058 722 3141 ignosceretur,
741 3059 930 3141 petiverunt
969 3055 1084 3122 Caesar
1099 3061 1242 3139 questus,

182 3164 280 3249 quod,
303 3184 377 3229 cum
398 3165 481 3228 ultro
504 3164 777 3229 incontinentem
803 3163 915 3246 legatis
936 3163 1043 3228 missis
1065 3181 1176 3247 pacem
1199 3161 1241 3226 ab

181 3289 215 3336 sa
237 3272 401 3354 petissent,
424 3269 544 3335 bellum
567 3270 636 3335 sine
659 3289 753 3334 caasa
775 3270 971 3352 intulissent,
993 3270 1158 3355 ignoscere
1179 3268 1240 3337 im·

155 3376 367 3461 eprudentiae
391 3377 473 3440 dixit
490 3374 679 3458 obsidesque
694 3376 875 3460 imperavit3
900 3394 1038 3459 quorum
1053 3375 1102 3438 illi
1115 3378 1239 3458 partem

181 3484 286 3547 statim
310 3483 477 3566 dederunt,
499 3486 621 3566 partem
643 3501 685 3546 ex
706 3480 984 3566 longinquioribus
1005 3480 1086 3545 locis
1107 3480 1240 3545 arcessi·

155 3593 247 3659 rtam
273 3589 383 3673 paucis
410 3586 523 3652 diebus
550 3605 619 3652 sese
648 3588 776 3653 daturos
804 3588 962 3653 direnmt
1011 3587 1133 3652 interea
1163 3605 1240 3650 suos

181 3695 354 3779 remigrare
375 3694 412 3757 in
435 3712 527 3778 agros
548 3693 723 3775 iusserrmt,
746 3694 969 3778 principesque
992 3691 1134 3776 undique
1162 3709 1239 3756 con-

182 3799 291 3866 venire
314 3804 347 3865 et
372 3818 407 3865 se
428 3800 636 3880 civitatesque
663 3819 737 3864 suas
765 3797 889 3864 Caesari
917 3798 1139 3863 commendare
1166 3816 1239 3862 coe-

181 3909 306 3992 parunt
