2738 4424
205 260 267 325 118
580 276 701 332 vrusum
720 276 861 332 elamor

203 438 300 519 liquis
331 438 481 521 pendunt
519 437 661 522 [militiae
694 441 889 504 vacationem
917 439 1124 522 omniumque
1151 457 1262 504 rerum

179 543 323 610 shabent
353 544 604 628 immunitatem]
664 546 758 609 tantis
794 547 923 610 excitati
958 545 1106 628 praemiis
1139 549 1171 609 et
1202 562 1264 608 sua
1328 555 1334 573 ·

206 655 316 733 sponte
343 651 436 712 multi
462 651 497 713 in
524 650 723 733 disciplinam
750 653 945 714 conveniunt
972 655 1004 714 et
1030 649 1263 733 aparentibus

179 756 455 838 apropinquisque
477 755 654 819 mittuntur.
692 776 842 839 magnum
857 755 903 819 ibi
918 775 1088 820 numerum
1111 774 1263 820 versuum

207 861 345 926 ediscere
369 860 527 924 dicuntur.
574 861 681 942 itaque
704 880 804 924 annos
826 880 892 925 non
914 861 996 925 nulli
1018 861 1086 925 XX
1108 862 1144 926 in
1166 861 1264 925 disci·

205 968 293 1050 plina
322 970 516 1050 permanent.
570 984 674 1048 neque
700 966 746 1029 fas
774 985 842 1031 esse
871 969 1054 1032 existimant
1084 987 1122 1032 oa
1147 967 1264 1030 litteris

206 1073 369 1155 mandare,
392 1092 466 1136 cum
487 1071 524 1135 in
545 1071 676 1153 reliquis
698 1071 762 1136 fero
786 1072 893 1156 rebus,
917 1072 1052 1156 publicis
1067 1073 1264 1156 privatisque

180 1178 395 1261 arationibus,
423 1177 550 1242 Graecis
576 1177 688 1242 litteris
715 1182 853 1240 utantur.
903 1178 937 1240 id
963 1178 1043 1241 mihi
1070 1178 1194 1242 duabus
1222 1178 1264 1242 de

207 1286 311 1349 causis
332 1285 508 1348 instituisse
530 1283 690 1364 videntur,
719 1283 804 1364 quod
831 1302 935 1366 neque
962 1285 997 1346 in
1025 1284 1141 1368 vulgus
1168 1284 1265 1348 disci·

207 1393 327 1475 plinam
349 1389 452 1455 efferri
473 1389 573 1453 velint
594 1408 699 1472 noque
723 1409 790 1471 eos,
815 1391 869 1473 qui
894 1390 1028 1472 discunt,
1052 1390 1164 1454 litteris
1187 1408 1264 1454 con·

206 1495 282 1561 fisos
304 1497 410 1559 minus
432 1495 602 1559 memoriae
617 1495 757 1575 studere;
783 1495 869 1578 quod
884 1495 949 1559 fere
965 1495 1124 1578 plerisque
1139 1495 1265 1578 accidit,

207 1607 245 1666 ut
265 1600 420 1684 praesidio
443 1600 617 1663 litterarum
641 1600 837 1683 diligentiam
859 1600 894 1664 in
913 1600 1119 1683 perdiscendo
1143 1618 1180 1663 ae
1197 1619 1265 1664 me-

181 1707 339 1774 emoriam
361 1707 528 1771 remittant.
569 1706 604 1768 in
621 1705 732 1789 primis
755 1706 815 1770 hoc
837 1706 950 1769 volunt
971 1705 1174 1789 persuadere,
1197 1724 1264 1769 non

208 1812 337 1876 interire
360 1812 493 1893 animae,
516 1811 573 1877 sed
594 1811 633 1875 ab
650 1811 720 1875 aliis
735 1816 954 1896 postmortem
970 1813 1103 1876 transire
1119 1811 1159 1874 ad
1175 1811 1264 1893 alios,

208 1924 301 2002 atque
324 1918 384 1982 hoc
398 1919 537 1982 maxime
553 1917 593 1981 ad
607 1919 757 1982 virtutem
772 1917 904 1981 excitari
922 1922 1035 2001 putent
1049 1923 1138 1980 metu
1152 1918 1264 1981 mortis

181 2024 358 2108 oneglecto.
397 2024 496 2086 multa
518 2028 679 2106 praeterea
697 2023 737 2088 de
755 2022 913 2087 sideribus
928 2026 1023 2105 atque
1038 2043 1148 2087 eorum
1163 2027 1264 2104 motu,

208 2129 248 2193 de
269 2129 382 2194 mundi
405 2147 441 2193 ac
463 2133 620 2193 terrarum
642 2129 874 2212 magnitudine,
898 2127 1059 2191 derorum
1075 2134 1200 2208 natura,
1223 2128 1263 2192 dc

208 2236 338 2300 deorum
360 2234 586 2299 immortalium
613 2235 646 2298 vi
668 2252 705 2299 ac
727 2239 879 2318 potestate
907 2234 1068 2318 disputant
1094 2240 1126 2298 et
1152 2235 1264 2297 iuven-

208 2342 269 2404 tuti
291 2340 427 2404 tradunt

83 2519 93 2536 ,
155 2460 191 2517 15
295 2446 441 2510 Alterum
464 2465 563 2529 genus
586 2451 634 2510 est
649 2447 801 2527 equitum.
838 2445 886 2528 hi,
910 2465 982 2510 oum
998 2452 1046 2510 est
1068 2465 1144 2510 usus
1167 2452 1262 2528 atque

205 2550 333 2633 aliquod
355 2550 475 2614 bellum
497 2551 669 2614 incidit-
686 2551 772 2633 quod
794 2552 859 2615 fere
882 2556 956 2616 ante
980 2549 1121 2616 Caesaris
1144 2550 1262 2614 adven·

204 2661 273 2718 tum
297 2657 465 2738 quotannis
487 2656 629 2720 accidere
645 2656 779 2739 solebat,
804 2657 850 2720 uti
870 2662 925 2720 aut
940 2657 1002 2740 ipsi
1015 2657 1150 2720 iniurias
1164 2656 1260 2719 infer-

204 2763 276 2824 rent
298 2765 354 2823 aut
367 2761 480 2824 inlatos
495 2762 715 2846 propulsarent
730 2799 786 2846 -,
810 2782 920 2827 omnes
936 2763 1067 2826 inbelle
1084 2766 1260 2844 versantur,

178 2870 300 2947 eatque
323 2885 433 2932 eorum
456 2871 493 2930 ut
515 2869 649 2950 quisque
669 2873 717 2932 est
731 2887 846 2952 genere
861 2869 1023 2951 copiisque
1039 2868 1261 2952 amplissimus,

205 2972 250 3037 ita
271 2972 424 3056 plurimos
447 2972 622 3037 circumeo
645 2973 806 3038 ambactos
828 2975 1023 3058 clientesque
1038 2973 1140 3038 habet
1179 2973 1261 3039 hano

206 3099 303 3144 unam
324 3079 458 3162 gratiam
479 3079 715 3162 potentiamque
737 3085 902 3144 noverunt.
1235 3084 1238 3091 '

153 3197 189 3252 lo
293 3183 387 3249 Natio
410 3189 459 3250 est
480 3187 582 3250 omnis
606 3185 769 3250 Gallorum
791 3186 963 3250 admodum
983 3185 1087 3249 dedita
1101 3184 1262 3268 religioni·

180 3288 280 3372 abus,
307 3296 402 3374 atque
426 3291 465 3355 ob
490 3309 559 3355 eam
581 3310 721 3375 oausam,
749 3293 806 3373 qui
828 3297 904 3356 sunt
926 3291 1040 3355 adfecti
1062 3289 1261 3374 gravioribus

205 3396 324 3461 morbis
347 3398 467 3481 quique
489 3398 524 3461 in
547 3397 673 3480 proeliis
696 3397 909 3481 periculisque
925 3402 1104 3480 versantur,
1126 3401 1182 3459 aut
1203 3414 1260 3479 pro

205 3503 342 3567 victimis
364 3504 507 3567 homines
523 3503 688 3566 immolant
710 3509 765 3567 aut
784 3521 817 3567 se
834 3501 1050 3566 immolaturos
1067 3505 1191 3585 vovent,
1207 3500 1261 3563 ad·

179 3608 420 3690 aministrisque
443 3608 484 3671 ad
507 3627 545 3672 ea
564 3607 716 3673 sacrificia
731 3608 898 3672 druidibus
914 3611 1060 3690 utuntur,
1084 3605 1181 3690 quod,
1202 3623 1261 3687 pro

205 3714 272 3776 vita
292 3712 429 3778 hominis
452 3714 515 3778 nisi
537 3714 674 3787 hominis
697 3714 763 3777 vita
785 3713 948 3795 reddatur,
976 3730 1042 3776 non
1068 3728 1160 3795 posse
1187 3709 1262 3772 deo·

188 3837 278 3881 rum
300 3819 524 3884 immortalium
547 3837 666 3883 numen
693 3819 812 3902 placari
839 3817 1046 3900 arbitrantur,
1071 3814 1262 3899 publiceque

178 3922 348 3992 aeiusdem
374 3926 498 4010 generis
525 3926 643 3991 habent
674 3924 818 3989 instituta
842 3922 1001 3988 sacrificia
1052 3921 1106 3986 alii
1131 3920 1264 3985 immani
