2738 4424
457 262 563 317 LIBER
580 264 613 317 V.
633 263 708 318 CAP.
724 264 847 318 43-47.
1115 246 1178 310 103

121 423 175 490 nis
192 423 361 488 multitudo
385 425 540 489 convertit
562 423 666 509 [illum
684 428 796 490 veruto
816 423 1006 490 transfimm
1025 423 1179 489 arbitran-

124 527 198 614 tur].
241 529 346 614 gladio
369 531 546 595 comminus
567 550 636 596 rem
658 531 741 615 gerit
753 531 902 596 Vorenus
925 535 1020 613 atque
1042 549 1107 595 uno
1129 530 1179 595 in·
1192 548 1219 592 11

124 634 254 701 terfecto
280 636 422 719 reliquos
449 637 579 721 paulum
606 637 764 721 propellit,
798 638 875 701 dum
902 635 1048 720 cupidius
1073 636 1179 719 instat,
1193 653 1220 698 aa

124 741 291 805 inlocum
319 741 459 807 deiectus
484 744 666 808 inferiorem
692 743 838 808 concidit
883 742 958 806 huic
984 761 1094 806 rursus
1121 741 1180 804 cir-
1194 759 1220 802 ia

124 851 294 912 cumvento
326 848 505 913 subsidium
535 849 596 914 fert
626 848 733 932 Pull0,
765 854 859 932 atque
886 847 978 912 ambo
1005 847 1180 912 incolumes

125 954 341 1038 compluribus
363 953 535 1019 interfectis
557 974 681 1019 summa
703 975 778 1020 cum
800 955 894 1019 laude
911 973 981 1019 sese
1004 953 1089 1016 intra
1110 972 1181 1017 mu·

124 1060 264 1126 nitiones
286 1061 451 1144 recipiunt
497 1061 543 1125 sic
557 1060 683 1124 fortuna
696 1061 732 1124 in
748 1060 948 1125 contentione
964 1063 996 1123 ct
1010 1059 1180 1124 certamine
1194 1076 1220 1120 u

124 1170 296 1249 utrumque
319 1166 467 1250 versavit,
489 1170 526 1230 ut
548 1166 627 1231 alter
648 1167 737 1232 alteri
757 1167 906 1231 inimicus
929 1165 1050 1229 auxilio
1073 1164 1181 1229 saluti·

127 1291 188 1356 que
212 1276 295 1338 esset
315 1291 420 1355 neque
443 1273 610 1336 diiudicari
633 1277 751 1356 posset,
774 1277 846 1337 uter
869 1273 933 1337 utri
954 1272 1071 1336 virtute
1094 1275 1181 1336 ante-

123 1378 272 1445 ferendus
294 1378 463 1444 rideretur.

214 1483 339 1560 Quanto
362 1488 430 1550 erat
443 1485 479 1549 in
494 1485 561 1550 dies
576 1485 704 1569 gravior
718 1489 812 1568 atque
828 1485 967 1569 asponon
982 1484 1181 1568 oppugnatio,
1198 1491 1234 1548 tl

125 1596 158 1657 et
170 1592 317 1672 maxime,
341 1589 424 1674 quod
443 1610 558 1675 magna
575 1595 663 1675 parts
681 1591 818 1655 militum
837 1591 979 1655 confecta
993 1589 1181 1654 vulneribus

123 1716 176 1762 ree
199 1696 239 1760 ad
261 1697 449 1779 paucitatem
466 1697 667 1761 defensorum
683 1703 883 1780 pervenerat,
905 1700 992 1760 tanto
1009 1695 1182 1761 crebriores

124 1801 247 1865 litterae
269 1804 438 1884 nuntiique
461 1802 501 1865 ad
524 1801 688 1867 Caesarem
707 1802 926 1883 mittebantur3
952 1821 1087 1884 quorum
1110 1821 1182 1885 pars

127 1908 322 1990 deprehensa
344 1908 379 1971 in
401 1915 572 1991 conspectu
589 1917 771 1972 nostrorum
788 1909 926 1971 militum
949 1927 1023 1970 cum
1041 1908 1183 1971 cruciatu

125 2012 305 2077 necabatur.
341 2020 408 2078 erat
430 2034 513 2078 unus
530 2015 616 2077 intus
634 2015 783 2097 Nervius,
805 2015 936 2077 nomine
953 2011 1090 2095 Vertite,
1112 2011 1210 2076 locos

124 2125 219 2184 natus
241 2121 387 2200 honesto,
414 2121 470 2202 qui
492 2121 635 2203 aprima
657 2119 821 2183 obsidione
844 2119 884 2182 ad
908 2116 1090 2182 Ciceronem
1112 2137 1183 2205 per·

124 2224 248 2309 fugerat
265 2246 418 2308 suamque
437 2227 466 2291 ei
485 2225 580 2291 fidem
596 2209 800 2310 praestiterat.
832 2225 884 2288 hic
904 2243 997 2289 servo
1016 2243 1070 2308 spe
1088 2223 1209 2288 liber-s

124 2333 196 2396 tatis
225 2334 411 2416 magnisque
434 2332 603 2416 persuadet
623 2333 784 2416 praemiis,
807 2336 843 2395 ut
865 2331 985 2396 litterae
1008 2330 1048 2393 ad
1071 2328 1182 2395 Caesa·

124 2457 192 2503 rem
215 2438 341 2503 deferat
389 2441 443 2502 has
467 2439 520 2503 ille
543 2440 578 2502 in
600 2439 703 2501 iaculo
726 2438 872 2522 inligatas
899 2437 989 2502 effert
1016 2441 1047 2501 et
1074 2435 1209 2501 Gallusc

124 2545 208 2608 inter
240 2545 346 2609 Gallos
380 2546 448 2609 sine
476 2545 542 2609 ulla
568 2545 748 2628 suspicione
775 2549 918 2609 versatus
950 2543 990 2606 ad
1018 2540 1183 2608 Caesarem

125 2653 277 2733 penenit
323 2651 361 2714 ab
386 2670 423 2716 eo
443 2652 482 2715 de
500 2651 649 2735 periculis
669 2650 829 2714 Ciceronis
851 2649 1048 2735 legionisque
1067 2668 1209 2735 cogno-s

125 2758 230 2821 scinu.
277 2756 391 2822 Caesar
413 2758 549 2841 acceptis
571 2757 684 2821 litteris
708 2759 784 2820 hora
806 2757 932 2821 circiter
953 2756 1012 2820 XI.
1034 2756 1097 2821 diei
1119 2761 1183 2821 sta·
1200 2765 1236 2819 tt

125 2863 181 2926 tim
205 2865 352 2926 nuntium
376 2864 411 2926 in
436 2863 618 2928 Bellovacos
646 2863 686 2926 ad
713 2862 754 2927 M.
780 2862 927 2927 Crassum
953 2863 1062 2943 mittit,
1091 2863 1182 2925 ciuus

126 2967 257 3033 hiberna
280 2969 411 3034 aberant
432 2969 471 3032 ab
495 2988 532 3034 eo
555 2970 643 3033 milia
665 2989 815 3052 passuum
832 2969 945 3049 XXV,
968 2967 1057 3031 iubet
1078 2967 1209 3029 medias

125 3080 218 3139 nocte
240 3075 397 3158 legionem
421 3075 577 3158 proficisci
600 3076 806 3157 celeriterque
830 3074 870 3137 ad
894 3092 927 3138 se
953 3073 1070 3136 venire.
1116 3070 1184 3134 exit

124 3198 200 3243 cum
230 3184 344 3244 nuntio
377 3181 515 3246 Crassus.
571 3182 705 3244 alterum
737 3181 776 3243 ad
813 3176 845 3242 C.
876 3177 1009 3240 Fabium
1042 3176 1209 3257 legatums

126 3287 234 3371 mittit,
256 3294 293 3351 ut
314 3289 346 3350 in
375 3288 571 3352 Atrebatium
593 3285 673 3349 fines
693 3285 848 3367 legionem
866 3283 1013 3363 adducat,
1037 3299 1100 3362 qua
1113 3278 1183 3342 'sibi

126 3392 188 3456 iter
212 3392 343 3457 facient
421 3393 545 3456 sciebat
595 3390 704 3455 scribit
731 3389 882 3470 Labieno,
910 3388 938 3450 si
964 3387 1011 3449 rei
1037 3385 1208 3468 publicaes

125 3499 291 3563 commodo
314 3501 416 3563 facere
439 3499 550 3583 possit,
577 3516 651 3561 cum
674 3496 798 3578 legione
827 3492 865 3556 ad
888 3491 968 3556 fines
990 3490 1182 3554 Nerviorum

127 3604 240 3668 veniat
288 3606 443 3687 reliquam
475 3609 595 3688 partem
627 3601 800 3681 exercitus,
834 3597 919 3680 quod
950 3596 1044 3680 paulo
1076 3594 1184 3658 aberat

126 3709 267 3795 longius,
297 3730 361 3774 non
394 3716 483 3795 putat
509 3707 751 3793 expectandam,
780 3704 903 3786 equites
930 3703 1054 3765 circiter
1082 3696 1182 3763 CCCC

126 3833 169 3880 ex
196 3817 349 3900 proximis
376 3817 514 3880 hibernis
542 3816 633 3898 cogit
678 3812 767 3876 Hora
793 3810 919 3874 circiter
943 3807 1000 3872 ΠΙ.
1028 3806 1067 3869 ab
1096 3810 1183 3868 ante-
1201 3811 1234 3864 tl

126 3922 310 3987 cursoribus
333 3922 372 3987 de
396 3920 501 3986 Crassi
522 3920 660 3985 adventu
687 3919 802 3982 certior
827 3915 928 3979 iactus
956 3932 993 3979 eo
1020 3912 1070 3976 die
1096 3909 1184 4000 milia
