2738 4424
221 246 283 310 162
615 263 720 319 suun
738 263 879 320 aarum

166 428 203 486 w
221 423 298 486 dum
324 422 460 490 ridebat
504 424 616 508 ltaque
647 425 707 491 sub
739 445 907 511 vesperum
938 423 1072 489 consilio
1104 423 1278 487 convocate

221 529 413 613 cohortatus,
434 534 472 595 ut
488 550 539 615 ea,
562 549 642 615 quae
656 533 854 615 imperasset,
877 531 1046 615 diligenter
1058 527 1279 610 industrieque

221 633 488 721 administrarent,
515 656 627 721 naves,
655 657 734 721 quas
755 637 929 702 Metiosedo
954 635 1143 718 deduxerat,
1170 633 1280 717 singu-

220 740 268 805 las
291 741 451 823 equitibus
472 741 624 808 Romanis
651 743 794 808 attribuit
820 748 853 808 et
878 743 981 826 prima
1004 741 1146 806 contecta
1168 738 1280 824 vigilia

220 844 289 910 1111
320 847 410 911 milia
441 867 592 933 passuum
625 848 766 914 secundo
801 848 933 913 flumine
968 847 1094 912 silentio
1131 843 1280 930 progredi

195 952 332 1035 sibique
364 972 398 1019 se
432 959 599 1038 expectare
631 955 730 1019 iubet
779 954 811 1018 V
841 955 999 1037 cohortes,
1033 971 1113 1036 quas
1145 951 1280 1016 minime

221 1057 330 1123 firmas
352 1059 393 1124 ad
415 1059 632 1124 dimicandum
654 1080 722 1126 esse
745 1060 958 1144 existimabat,
985 1059 1095 1124 castris
1120 1057 1280 1142 praesidio

195 1139 386 1249 arelinquib
405 1164 437 1228 V
452 1165 594 1231 eiusdem
611 1166 745 1250 legionis
761 1167 901 1249 reliquas
919 1165 958 1230 dc
973 1165 1080 1229 media
1097 1168 1190 1228 nocte
1205 1183 1281 1228 oum

223 1270 371 1335 omnibus
400 1271 636 1355 impedimentis
667 1273 798 1338 adverso
829 1272 962 1336 flumine
992 1290 1108 1356 magno
1140 1270 1282 1334 tumultu

195 1375 380 1460 aproficisci
410 1377 550 1461 imperat
600 1379 758 1462 conquirit
789 1379 884 1443 etiam
915 1377 1038 1458 lintres,
1075 1377 1132 1441 has
1162 1394 1281 1460 magno

223 1482 330 1546 sonitu
351 1499 511 1545 remorum
533 1483 644 1546 incitat
645 1484 740 1548 asin
762 1485 897 1549 eandem
918 1489 1040 1567 partem
1061 1483 1166 1547 mittit
1210 1482 1281 1565 ipse

222 1591 294 1670 post
318 1587 413 1670 paulo
441 1587 566 1652 silentio
594 1608 738 1673 egressus
769 1608 843 1653 cum
869 1589 971 1654 tribus
1000 1588 1178 1672 legionibus
1205 1607 1281 1653 eum

168 1706 206 1764 tl
222 1692 329 1757 locum
355 1693 445 1777 petit,
477 1712 540 1776 quo
568 1714 665 1760 naves
692 1694 809 1778 adpelli
835 1696 976 1760 iusserat
1021 1693 1068 1758 Eo
1097 1713 1169 1758 cum
1196 1697 1283 1759 esset

222 1803 368 1882 ventum,
401 1799 617 1883 exploratores
647 1801 798 1882 hostium,
831 1806 868 1865 ιιι
899 1801 986 1865 omni
1017 1800 1160 1864 fluminis
1190 1805 1282 1884 parte

223 1909 315 1970 erant
329 1905 487 1990 dispositi,
505 1906 719 1991 inopinantes,
740 1908 826 1989 quod
839 1925 955 1990 magna
970 1906 1074 1971 subito
1091 1910 1158 1971 crat
1171 1911 1282 1971 coorta

197 2014 404 2095 etampestas,
431 2031 451 2075 a
471 2012 589 2077 nostris
611 2013 845 2096 opprimuntur3
874 2013 1031 2077 exercitus
1054 2013 1280 2096 equitatusque

224 2117 384 2200 equitibus
400 2116 551 2182 Romanis
566 2118 872 2202 administrantibus,
896 2138 976 2202 quos
996 2119 1027 2184 ei
1041 2119 1169 2202 negotio
1189 2136 1281 2202 prae-

196 2223 348 2307 afecerat,
363 2223 507 2289 celeriter
520 2226 750 2289 transmittitur.
781 2245 846 2288 uno
861 2225 926 2290 lere
942 2230 1082 2308 tempore
1098 2224 1158 2289 sub
1173 2223 1281 2288 lucem

223 2328 366 2395 hostibus
388 2331 554 2394 nuntiatur
574 2331 610 2393 in
632 2331 742 2394 castris
763 2331 978 2395 Romanorum
1000 2335 1124 2414 praeter
1145 2347 1281 2395 consue-

224 2436 367 2500 tudinem
382 2436 568 2499 tumultuari
588 2442 620 2501 et
633 2456 785 2520 magnum
805 2437 852 2502 ire
867 2455 981 2520 agmen
997 2437 1130 2501 adverso
1145 2435 1280 2501 flumine

223 2541 614 2623 sonitumque-remorum
640 2543 675 2606 in
702 2543 811 2607 eadem
837 2547 924 2626 parte
952 2541 1098 2607 exaudiri
1125 2545 1157 2607 et
1181 2541 1279 2625 paulo

197 2645 307 2708 rinlra
330 2647 447 2711 milites
474 2647 608 2711 navibus
634 2647 847 2731 transportari.
893 2645 1009 2730 quibus
1031 2646 1127 2711 rebus
1150 2645 1279 2730 auditis,

226 2751 312 2834 quod
339 2751 562 2816 exisfimubant
592 2752 694 2816 tribus
724 2753 803 2817 locis
835 2753 967 2816 transire
998 2753 1139 2835 legiones
1171 2750 1280 2836 [atque

225 2876 335 2923 omnes
356 2857 554 2940 perturbatos
581 2857 755 2923 defectione
777 2858 985 2923 Haeduorum
1010 2858 1118 2941 fugam
1144 2851 1293 2942 parare],'

198 2983 299 3029 esues
315 2983 442 3047 quoque
458 2964 563 3046 copias
578 2964 613 3028 in
629 2968 692 3029 tres
706 2968 811 3048 partes
826 2964 1063 3028 distribuerunt
1098 2982 1174 3028 nam
1189 2981 1280 3047 prae-

225 3070 305 3134 sidio
329 3089 346 3135 e
372 3070 501 3153 regione
528 3074 703 3134 castrorum
728 3071 840 3135 relicto
867 3074 899 3134 et
923 3090 1021 3154 parva
1046 3089 1145 3134 manu
1166 3067 1281 3133 Metio-

226 3176 339 3241 sedum
352 3195 464 3241 versus
483 3177 592 3261 missa,
616 3196 697 3259 quae
712 3181 834 3240 tantum
848 3176 1100 3261 progrederetur,
1125 3179 1280 3258 quantum

225 3300 325 3346 naves
338 3282 577 3366 processissent,
592 3282 731 3365 reliquas
746 3283 851 3365 copias
866 3287 975 3346 contra
988 3280 1165 3345 Labienum
1180 3281 1281 3344 duxe-

173 3400 208 3458 ιι
226 3391 309 3452 runt.
353 3385 461 3451 Prima
486 3388 558 3454 luce
585 3392 617 3452 et
642 3389 741 3453 nostri
769 3407 879 3453 omnes
906 3392 996 3452 erant
1021 3387 1222 3471 transportati
1248 3392 1282 3452 et

200 3494 364 3559 ahostium
387 3495 470 3559 acies
490 3493 685 3559 cernebatur.
722 3493 881 3557 Labienus
897 3494 1013 3558 milites
1028 3494 1222 3576 cohortatus,
1244 3497 1282 3558 ut

227 3617 303 3665 suae
324 3600 474 3683 pristinae
496 3601 622 3664 virtutis
645 3604 711 3665 ett
698 3600 1068 3665 totsecundissimorum
1087 3599 1281 3683 proeliorum

227 3705 401 3769 retinerent
421 3707 605 3769 memoriam
627 3712 723 3787 atque
745 3705 850 3789 ipsum
866 3704 1045 3786 Gaesarem,
1068 3706 1159 3768 cuius
1182 3703 1282 3767 ductu

228 3828 454 3894 saepenumero
477 3811 582 3874 hostes
604 3815 817 3895 superassent,
837 3815 983 3894 praesent
984 3829 1034 3874 em
1049 3810 1158 3875 adesse
1173 3809 1286 3875 existi·

201 3922 363 4000 amarent,
391 3915 445 3980 dat
470 3917 598 4000 signum
624 3915 744 3999 proelii.
789 3917 891 3999 primo
919 3935 1077 3980 concursu
1103 3915 1142 3979 ab
1171 3915 1287 3979 dextro
