2738 4424
163 275 218 338 ·20
573 292 677 346 BELLI
696 291 836 347 efflei

177 450 277 516 vistus
299 451 475 536 respondit:
503 453 532 516 si
554 454 631 536 quid
657 454 719 538 ipsi
740 472 760 517 a
783 451 917 517 Caesare
940 470 1021 535 opus
1043 453 1139 532 esset,
1167 466 1241 515 sese

178 556 315 623 adeum
338 562 508 623 venturum
530 557 640 640 iuisse;
666 559 694 622 si
710 558 788 641 quid
805 558 861 623 ille
876 576 911 623 se
925 556 1016 640 velit,
1039 555 1131 620 illurn
1146 554 1189 619 ad
1204 573 1240 622 se

151 664 287 728 evenire
310 667 458 747 oportere.
502 669 663 747 practerea
685 682 718 727 se
741 681 846 746 neque
868 663 938 729 sine
961 662 1106 727 exercitu
1127 662 1163 727 in
1184 679 1240 726 eas

177 773 282 852 partes
318 768 440 834 Galliae
475 771 585 834 venire
621 770 752 852 audere,
789 789 869 852 quas
905 767 1020 834 Caesar
1054 767 1240 852 possideret,

178 892 283 956 neque
306 875 483 940 exercitum
505 875 573 941 sine
595 895 711 960 magno
735 878 914 940 commeatu
936 879 1032 959 atque
1051 873 1240 938 molimento

152 978 213 1045 rin
243 999 346 1044 unum
376 981 483 1045 locum
514 982 698 1047 contrahere
729 1000 831 1065 posse.
888 980 950 1045 sibi
981 984 1088 1045 autom
1118 980 1241 1044 mirum

179 1085 293 1169 rideri,
317 1085 394 1168 quid
416 1087 451 1149 in
473 1106 532 1151 sua
555 1086 669 1172 Gallia,
693 1106 789 1170 quam
812 1085 896 1152 bello
916 1087 1057 1167 vicisset,
1081 1088 1138 1149 aut
1160 1083 1241 1151 (iae-

126 1205 162 1262 es
180 1191 244 1254 sari
281 1195 337 1254 aut
373 1192 502 1256 omnino
539 1193 656 1276 populo
693 1193 837 1258 Romano
875 1192 995 1276 negotii
1033 1194 1122 1256 esset
1175 1189 1241 1256 His

179 1297 339 1380 responsis
371 1297 412 1360 ad
443 1297 609 1363 Gaesarem
643 1299 752 1364 relatis
787 1300 905 1364 iterum
940 1297 981 1361 ad
1016 1317 1091 1363 eum
1123 1295 1242 1362 ansar

154 1401 301 1485 alegatos
328 1421 403 1466 curn
428 1402 478 1466 bis
499 1404 656 1468 mandatis
677 1405 786 1467 mittit:
816 1405 968 1487 quoniam
991 1407 1078 1468 tanto
1101 1421 1160 1467 suo
1182 1421 1241 1489 po-

179 1506 311 1590 pulique
333 1507 468 1572 Romani
489 1508 643 1575 beneficio
666 1510 820 1594 adfectus,
844 1528 918 1573 cum
939 1509 974 1572 in
997 1508 1163 1572 consulatu
1179 1528 1241 1573 suo

180 1630 239 1676 rex
265 1617 360 1696 atque
392 1615 513 1679 amicus
540 1634 560 1678 a
585 1620 698 1680 senatu
729 1615 904 1699 appellatus
935 1618 1031 1695 esset,
1063 1614 1145 1679 hanc
1176 1613 1241 1679 sibi

181 1718 362 1802 populoque
376 1718 520 1784 Romano
542 1722 676 1805 gratiam
690 1721 833 1805 referret,
856 1724 893 1784 ut
911 1721 947 1784 in
962 1720 1169 1804 conloquium
1183 1739 1240 1786 re·

181 1825 250 1890 nire
272 1825 424 1890 inritatus
447 1831 631 1910 gravaretur
645 1845 750 1910 neque
766 1826 805 1891 de
821 1827 1033 1890 communire
1050 1824 1239 1890 discendum

182 1929 243 1994 sibi
274 1935 306 1996 et
336 1932 593 2015 cognoscendum
624 1936 762 2017 putaret,
793 1932 871 1996 haec
901 1949 984 2015 esse,
1017 1950 1098 2014 quae
1130 1929 1171 1994 ab
1198 1949 1239 1996 eo

155 2036 366 2120 apostularet:
390 2039 541 2123 primum,
559 2058 600 2104 ne
619 2059 715 2123 quam
729 2039 966 2103 multitudinem
983 2038 1150 2102 hominurn
1172 2056 1239 2101 am-

181 2143 265 2226 plius
279 2149 366 2209 bans
379 2143 528 2210 Rhenum
546 2145 581 2208 in
596 2144 731 2210 Galbam
750 2146 942 2225 traduceret3
967 2143 1082 2209 deinde
1102 2142 1238 2228 obsides,

182 2268 263 2332 quos
289 2249 419 2316 haberet
445 2250 484 2315 ab
512 2251 666 2335 Haeduis,
693 2251 840 2316 redderet
862 2248 1081 2333 Sequanisque
1108 2251 1238 2332 permit-

182 2359 273 2439 teret,
296 2359 344 2440 ut,
368 2374 449 2438 quos
470 2357 519 2420 illi
545 2356 709 2440 haberent,
736 2357 898 2422 voluntate
926 2357 995 2421 eius
1017 2354 1149 2421 reddere
1172 2354 1237 2420 illis

181 2460 303 2541 liceret;
319 2481 401 2526 neve
415 2461 568 2527 Haeduos
581 2464 700 2527 iniuria
712 2463 889 2546 lacesseret,
909 2480 989 2527 neve
1009 2460 1059 2524 bis
1078 2460 1236 2544 sociisque

153 2585 290 2630 reorum
305 2566 425 2631 bellum
439 2568 576 2633 inferret.
622 2569 649 2632 si
673 2566 728 2653 [id]
752 2569 797 2632 ita
817 2569 954 2650 fecisset,
979 2567 1041 2633 sibi
1054 2566 1235 2651 populoque
1280 2597 1284 2603 ·

180 2672 323 2736 Romano
346 2678 530 2757 perpetuam
552 2676 683 2758 gratiam
704 2679 798 2757 atque
814 2675 984 2738 amicitiem
1000 2692 1074 2737 cum
1089 2693 1126 2739 eo
1149 2672 1234 2738 futu-

180 2798 262 2860 ram;
291 2779 409 2843 sinon
436 2780 630 2864 impetraret,
663 2799 746 2862 sese,
774 2780 925 2863 quoniam
952 2779 994 2844 M.
1017 2779 1164 2863 Messala,
1192 2776 1234 2841 lli.

181 2883 297 2950 Pisone
315 2884 500 2950 consulibus
518 2891 646 2951 senatus
664 2887 850 2969 censuisset,
872 2887 934 2971 uti,
950 2886 1145 2970 quicumque
1161 2884 1234 2949 Gal·

180 2992 256 3055 liam
277 2992 474 3075 provinciam
499 2991 665 3076 obtineret,
698 2992 783 3076 quod
815 2992 979 3057 commodo
1010 2992 1058 3055 rei
1087 2989 1233 3074 publicae

180 3097 283 3163 facere
305 3102 422 3182 posset,
444 3097 597 3162 Haeduos
619 3103 802 3179 ceterosque
825 3099 942 3163 amicos
965 3097 1077 3182 populi
1098 3096 1234 3162 Romani

182 3204 375 3286 defenderet,
412 3223 445 3270 se
482 3201 690 3269 Haeduorum
727 3205 861 3267 iniurias
902 3223 967 3268 non
1005 3204 1233 3287 neglecturum.

128 3322 164 3379 8⁶
180 3311 233 3375 Ad
263 3312 342 3376 haec
372 3311 551 3375 Ariovistus
586 3311 760 3394 respondit:
797 3311 849 3374 ius
880 3327 948 3376 esse
974 3309 1063 3393 belli,
1097 3313 1145 3393 ut,
1178 3308 1234 3392 qui

181 3417 342 3501 vicissent,
360 3418 412 3500 iis,
428 3436 506 3500 quos
525 3417 688 3498 vicissent,
711 3435 807 3500 quem
826 3415 1012 3480 admodum
1026 3415 1155 3497 vellent,
1173 3413 1234 3476 im-

180 3527 333 3606 perarent
378 3524 455 3587 item
475 3524 628 3607 populum
650 3522 830 3587 Romanum
852 3522 944 3585 victis
966 3540 1032 3585 non
1048 3519 1089 3583 ad
1104 3519 1233 3584 alterius

180 3631 422 3714 praescriptum,
441 3629 499 3694 sed
521 3629 561 3693 ad
580 3648 673 3693 suum
690 3629 854 3692 arbitrium
876 3628 1032 3711 imperare
1055 3642 1232 3690 consuesse.

154 3735 210 3800 asi
223 3735 292 3819 ipse
306 3733 423 3818 populo
437 3734 579 3799 Romano
595 3754 661 3799 non
674 3733 914 3818 praescriberet,
937 3750 1033 3815 quem
1048 3730 1089 3794 ad
1102 3730 1234 3794 modum

182 3859 240 3906 suo
262 3841 332 3906 iure
358 3844 513 3923 uteretur,
539 3860 603 3903 non
631 3845 773 3923 oportere
797 3858 831 3904 se
854 3857 873 3900 a
893 3836 1010 3921 populo
1033 3836 1176 3901 Romano
1198 3836 1234 3900 in

156 3965 240 4012 aeuo
261 3947 331 4012 iure
350 3946 506 4032 impediri
549 3945 701 4012 Haeduos
716 3946 789 4031 sibi,
813 3943 963 4028 quoniam
981 3941 1058 4008 belli
1075 3941 1237 4006 fortunam
