<?xml version="1.0" encoding="UTF-8"?>
<!DOCTYPE html PUBLIC "-//W3C//DTD XHTML 1.0 Transitional//EN"
    "http://www.w3.org/TR/xhtml1/DTD/xhtml1-transitional.dtd">
<html xmlns="http://www.w3.org/1999/xhtml" xml:lang="en" lang="en">
 <head>
  <title>
</title>
<meta http-equiv="Content-Type" content="text/html;charset=utf-8" />
  <meta name='ocr-system' content='tesseract 3.04.00' />
  <meta name='ocr-capabilities' content='ocr_page ocr_carea ocr_par ocr_line ocrx_word'/>
</head>
<body>
  <div class='ocr_page' id='page_1' title='image "./ciuliicaesarisb02meusgoog_0108.png"; bbox 0 0 2738 4424; ppageno 0'>
   <div class='ocr_carea' id='block_1_1' title="bbox 188 175 848 252">
    <p class='ocr_par' dir='ltr' id='par_1_1' title="bbox 188 175 848 252">
     <span class='ocr_line' id='line_1_1' title="bbox 188 175 848 252; baseline 0.005 -3"><span class='ocrx_word' id='word_1_1' title='bbox 188 175 229 240; x_wconf 80' lang='lat'>92</span> <span class='ocrx_word' id='word_1_2' title='bbox 584 193 848 252; x_wconf 75' lang='lat' dir='ltr'>smmclrmor</span> 
     </span>
    </p>
   </div>
   <div class='ocr_carea' id='block_1_2' title="bbox 158 351 1250 970">
    <p class='ocr_par' dir='ltr' id='par_1_2' title="bbox 158 351 1250 970">
     <span class='ocr_line' id='line_1_2' title="bbox 186 351 1250 441; baseline 0.003 -25"><span class='ocrx_word' id='word_1_3' title='bbox 186 351 383 418; x_wconf 85' lang='lat' dir='ltr'>sivellaunus</span> <span class='ocrx_word' id='word_1_4' title='bbox 404 355 466 419; x_wconf 91' lang='lat' dir='ltr'>boc</span> <span class='ocrx_word' id='word_1_5' title='bbox 486 356 606 440; x_wconf 89' lang='lat' dir='ltr'>proelio</span> <span class='ocrx_word' id='word_1_6' title='bbox 628 358 788 440; x_wconf 87' lang='lat' dir='ltr'>nuntiato,</span> <span class='ocrx_word' id='word_1_7' title='bbox 811 363 857 422; x_wconf 90' lang='lat' dir='ltr'>tot</span> <span class='ocrx_word' id='word_1_8' title='bbox 880 357 1077 422; x_wconf 87' lang='lat' dir='ltr'>detrimentis</span> <span class='ocrx_word' id='word_1_9' title='bbox 1100 356 1250 441; x_wconf 85' lang='lat' dir='ltr'>acceptis,</span> 
     </span>
     <span class='ocr_line' id='line_1_3' title="bbox 186 459 1250 548; baseline 0.003 -25"><span class='ocrx_word' id='word_1_10' title='bbox 186 460 315 523; x_wconf 87' lang='lat' dir='ltr'>vastatis</span> <span class='ocrx_word' id='word_1_11' title='bbox 337 459 468 544; x_wconf 87' lang='lat' dir='ltr'><strong>finibus,</strong></span> <span class='ocrx_word' id='word_1_12' title='bbox 494 463 632 527; x_wconf 85' lang='lat' dir='ltr'>maxime</span> <span class='ocrx_word' id='word_1_13' title='bbox 659 465 754 527; x_wconf 88' lang='lat' dir='ltr'>etiam</span> <span class='ocrx_word' id='word_1_14' title='bbox 776 472 937 548; x_wconf 88' lang='lat' dir='ltr'>permotus</span> <span class='ocrx_word' id='word_1_15' title='bbox 965 465 1139 528; x_wconf 89' lang='lat' dir='ltr'>defectione</span> <span class='ocrx_word' id='word_1_16' title='bbox 1166 463 1250 526; x_wconf 85' lang='lat' dir='ltr'>civi·</span> 
     </span>
     <span class='ocr_line' id='line_1_4' title="bbox 186 555 1245 652; baseline 0.003 -23"><span class='ocrx_word' id='word_1_17' title='bbox 186 569 300 648; x_wconf 89' lang='lat' dir='ltr'>tatum,</span> <span class='ocrx_word' id='word_1_18' title='bbox 321 566 442 650; x_wconf 85' lang='lat' dir='ltr'>legatos</span> <span class='ocrx_word' id='word_1_19' title='bbox 464 587 522 652; x_wconf 91' lang='lat' dir='ltr'>per</span> <span class='ocrx_word' id='word_1_20' title='bbox 544 568 726 633; x_wconf 71' lang='lat' dir='ltr'><strong>Atrebatem</strong></span> <span class='ocrx_word' id='word_1_21' title='bbox 750 555 929 634; x_wconf 81' lang='lat' dir='ltr'>Gommium</span> <span class='ocrx_word' id='word_1_22' title='bbox 957 569 996 635; x_wconf 93' lang='lat' dir='ltr'>de</span> <span class='ocrx_word' id='word_1_23' title='bbox 1019 569 1180 633; x_wconf 89' lang='lat' dir='ltr'>deditione</span> <span class='ocrx_word' id='word_1_24' title='bbox 1203 569 1245 633; x_wconf 89' lang='lat' dir='ltr'>ad</span> 
     </span>
     <span class='ocr_line' id='line_1_5' title="bbox 158 670 1243 757; baseline 0.002 -20"><span class='ocrx_word' id='word_1_25' title='bbox 158 670 350 737; x_wconf 77' lang='lat' dir='ltr'>sansarem</span> <span class='ocrx_word' id='word_1_26' title='bbox 381 673 485 736; x_wconf 89' lang='lat' dir='ltr'>mittit</span> <span class='ocrx_word' id='word_1_27' title='bbox 536 672 662 757; x_wconf 83' lang='lat' dir='ltr'>Caesar,</span> <span class='ocrx_word' id='word_1_28' title='bbox 693 693 766 739; x_wconf 94' lang='lat' dir='ltr'>cum</span> <span class='ocrx_word' id='word_1_29' title='bbox 798 677 1012 740; x_wconf 90' lang='lat' dir='ltr'>constituisset</span> <span class='ocrx_word' id='word_1_30' title='bbox 1042 676 1181 739; x_wconf 87' lang='lat' dir='ltr'>hiemare</span> <span class='ocrx_word' id='word_1_31' title='bbox 1208 675 1243 739; x_wconf 93' lang='lat' dir='ltr'>in</span> 
     </span>
     <span class='ocr_line' id='line_1_6' title="bbox 186 779 1249 872; baseline 0.002 -30"><span class='ocrx_word' id='word_1_32' title='bbox 186 779 363 843; x_wconf 91' lang='lat' dir='ltr'>continenti</span> <span class='ocrx_word' id='word_1_33' title='bbox 385 784 512 863; x_wconf 88' lang='lat' dir='ltr'>propter</span> <span class='ocrx_word' id='word_1_34' title='bbox 538 781 721 864; x_wconf 91' lang='lat' dir='ltr'>repentinos</span> <span class='ocrx_word' id='word_1_35' title='bbox 749 780 869 846; x_wconf 83' lang='lat' dir='ltr'>Galliac</span> <span class='ocrx_word' id='word_1_36' title='bbox 896 789 1001 872; x_wconf 79' lang='lat' dir='ltr'>motas</span> <span class='ocrx_word' id='word_1_37' title='bbox 1027 800 1133 863; x_wconf 90' lang='lat' dir='ltr'>neque</span> <span class='ocrx_word' id='word_1_38' title='bbox 1160 780 1249 844; x_wconf 78' lang='lat' dir='ltr'>mul-</span> 
     </span>
     <span class='ocr_line' id='line_1_7' title="bbox 185 885 1246 970; baseline 0.001 -22"><span class='ocrx_word' id='word_1_39' title='bbox 185 889 254 948; x_wconf 91' lang='lat' dir='ltr'>tum</span> <span class='ocrx_word' id='word_1_40' title='bbox 277 885 405 949; x_wconf 88' lang='lat' dir='ltr'>aestatis</span> <span class='ocrx_word' id='word_1_41' title='bbox 428 890 605 969; x_wconf 80' lang='lat' dir='ltr'>superesset</span> <span class='ocrx_word' id='word_1_42' title='bbox 628 891 723 969; x_wconf 92' lang='lat' dir='ltr'>atque</span> <span class='ocrx_word' id='word_1_43' title='bbox 750 887 784 950; x_wconf 95' lang='lat' dir='ltr'>id</span> <span class='ocrx_word' id='word_1_44' title='bbox 805 888 897 951; x_wconf 90' lang='lat' dir='ltr'>facile</span> <span class='ocrx_word' id='word_1_45' title='bbox 925 887 1048 952; x_wconf 75' lang='lat' dir='ltr'><strong>extrahi</strong></span> <span class='ocrx_word' id='word_1_46' title='bbox 1076 905 1167 970; x_wconf 89' lang='lat' dir='ltr'>posse</span> <span class='ocrx_word' id='word_1_47' title='bbox 1193 887 1246 949; x_wconf 90' lang='lat' dir='ltr'>in-</span> 
     </span>
    </p>
   </div>
   <div class='ocr_carea' id='block_1_3' title="bbox 114 990 1248 3918">
    <p class='ocr_par' dir='ltr' id='par_1_3' title="bbox 114 990 1248 3918">
     <span class='ocr_line' id='line_1_8' title="bbox 185 990 1247 1076; baseline 0 -20"><span class='ocrx_word' id='word_1_48' title='bbox 185 991 360 1076; x_wconf 86' lang='lat' dir='ltr'>tellegeret,</span> <span class='ocrx_word' id='word_1_49' title='bbox 378 990 504 1055; x_wconf 92' lang='lat' dir='ltr'>obsides</span> <span class='ocrx_word' id='word_1_50' title='bbox 521 993 656 1075; x_wconf 87' lang='lat' dir='ltr'>imperat</span> <span class='ocrx_word' id='word_1_51' title='bbox 673 997 712 1074; x_wconf 78' lang='lat' dir='ltr'>et,</span> <span class='ocrx_word' id='word_1_52' title='bbox 731 992 810 1073; x_wconf 89' lang='lat' dir='ltr'>quid</span> <span class='ocrx_word' id='word_1_53' title='bbox 824 994 859 1057; x_wconf 92' lang='lat' dir='ltr'>in</span> <span class='ocrx_word' id='word_1_54' title='bbox 876 1011 976 1056; x_wconf 90' lang='lat' dir='ltr'>annos</span> <span class='ocrx_word' id='word_1_55' title='bbox 990 993 1133 1076; x_wconf 82' lang='lat' dir='ltr'>singulos</span> <span class='ocrx_word' id='word_1_56' title='bbox 1148 993 1247 1056; x_wconf 82' lang='lat' dir='ltr'>vecti·</span> 
     </span>
     <span class='ocr_line' id='line_1_9' title="bbox 158 1096 1248 1182; baseline 0 -21"><span class='ocrx_word' id='word_1_57' title='bbox 158 1098 263 1180; x_wconf 82' lang='lat' dir='ltr'>sgalis</span> <span class='ocrx_word' id='word_1_58' title='bbox 280 1096 398 1182; x_wconf 91' lang='lat' dir='ltr'>populo</span> <span class='ocrx_word' id='word_1_59' title='bbox 420 1096 563 1161; x_wconf 90' lang='lat' dir='ltr'>Romano</span> <span class='ocrx_word' id='word_1_60' title='bbox 581 1097 749 1162; x_wconf 83' lang='lat' dir='ltr'>Britannia</span> <span class='ocrx_word' id='word_1_61' title='bbox 765 1099 929 1182; x_wconf 87' lang='lat' dir='ltr'><strong>penderet,</strong></span> <span class='ocrx_word' id='word_1_62' title='bbox 948 1099 1121 1178; x_wconf 62' lang='lat' dir='ltr'>constituit</span> <span class='ocrx_word' id='word_1_63' title='bbox 1146 1101 1248 1161; x_wconf 85' lang='lat' dir='ltr'>inter·</span> 
     </span>
     <span class='ocr_line' id='line_1_10' title="bbox 185 1202 1242 1288; baseline 0 -21"><span class='ocrx_word' id='word_1_64' title='bbox 185 1203 261 1267; x_wconf 91' lang='lat' dir='ltr'>dicit</span> <span class='ocrx_word' id='word_1_65' title='bbox 292 1209 386 1287; x_wconf 91' lang='lat' dir='ltr'>atquc</span> <span class='ocrx_word' id='word_1_66' title='bbox 413 1204 545 1288; x_wconf 92' lang='lat' dir='ltr'>imperat</span> <span class='ocrx_word' id='word_1_67' title='bbox 572 1202 821 1287; x_wconf 77' lang='lat' dir='ltr'>cassivellauno,</span> <span class='ocrx_word' id='word_1_68' title='bbox 851 1223 894 1268; x_wconf 87' lang='lat' dir='ltr'>ne</span> <span class='ocrx_word' id='word_1_69' title='bbox 920 1204 1148 1268; x_wconf 83' lang='lat' dir='ltr'>Mandubracio</span> <span class='ocrx_word' id='word_1_70' title='bbox 1176 1222 1242 1267; x_wconf 89' lang='lat' dir='ltr'>neu</span> 
     </span>
     <span class='ocr_line' id='line_1_11' title="bbox 130 1308 1246 1395; baseline 0.002 -23"><span class='ocrx_word' id='word_1_71' title='bbox 130 1323 167 1379; x_wconf 76' lang='lat' dir='ltr'>aa</span> <span class='ocrx_word' id='word_1_72' title='bbox 183 1308 427 1373; x_wconf 80' lang='lat' dir='ltr'>Trinovantibus</span> <span class='ocrx_word' id='word_1_73' title='bbox 454 1314 575 1374; x_wconf 89' lang='lat' dir='ltr'>noceat</span> <span class='ocrx_word' id='word_1_74' title='bbox 630 1309 802 1374; x_wconf 87' lang='lat' dir='ltr'>Obsidibus</span> <span class='ocrx_word' id='word_1_75' title='bbox 827 1312 962 1395; x_wconf 88' lang='lat' dir='ltr'>acceptis</span> <span class='ocrx_word' id='word_1_76' title='bbox 989 1312 1163 1375; x_wconf 85' lang='lat' dir='ltr'>exercitum</span> <span class='ocrx_word' id='word_1_77' title='bbox 1192 1329 1246 1374; x_wconf 88' lang='lat' dir='ltr'>re·</span> 
     </span>
     <span class='ocr_line' id='line_1_12' title="bbox 157 1414 1241 1500; baseline -0.002 -19"><span class='ocrx_word' id='word_1_78' title='bbox 157 1414 272 1481; x_wconf 76' lang='lat' dir='ltr'>educit</span> <span class='ocrx_word' id='word_1_79' title='bbox 294 1415 335 1479; x_wconf 89' lang='lat' dir='ltr'>ad</span> <span class='ocrx_word' id='word_1_80' title='bbox 352 1433 453 1497; x_wconf 88' lang='lat' dir='ltr'>mare,</span> <span class='ocrx_word' id='word_1_81' title='bbox 475 1433 573 1479; x_wconf 90' lang='lat' dir='ltr'>naves</span> <span class='ocrx_word' id='word_1_82' title='bbox 590 1416 713 1480; x_wconf 89' lang='lat' dir='ltr'>invenit</span> <span class='ocrx_word' id='word_1_83' title='bbox 729 1416 868 1480; x_wconf 69' lang='lat' dir='ltr'>refectas,</span> <span class='ocrx_word' id='word_1_84' title='bbox 907 1416 956 1480; x_wconf 88' lang='lat' dir='ltr'>his</span> <span class='ocrx_word' id='word_1_85' title='bbox 976 1417 1130 1500; x_wconf 91' lang='lat' dir='ltr'>deductis,</span> <span class='ocrx_word' id='word_1_86' title='bbox 1155 1416 1241 1498; x_wconf 93' lang='lat' dir='ltr'>quod</span> 
     </span>
     <span class='ocr_line' id='line_1_13' title="bbox 184 1520 1245 1604; baseline 0.002 -20"><span class='ocrx_word' id='word_1_87' title='bbox 184 1525 216 1584; x_wconf 89' lang='lat' dir='ltr'>et</span> <span class='ocrx_word' id='word_1_88' title='bbox 238 1520 433 1604; x_wconf 85' lang='lat' dir='ltr'>captivorum</span> <span class='ocrx_word' id='word_1_89' title='bbox 456 1539 607 1604; x_wconf 82' lang='lat' dir='ltr'>magnum</span> <span class='ocrx_word' id='word_1_90' title='bbox 630 1540 797 1586; x_wconf 91' lang='lat' dir='ltr'>numerum</span> <span class='ocrx_word' id='word_1_91' title='bbox 821 1521 956 1586; x_wconf 91' lang='lat' dir='ltr'>babebat</span> <span class='ocrx_word' id='word_1_92' title='bbox 983 1527 1015 1588; x_wconf 88' lang='lat' dir='ltr'>et</span> <span class='ocrx_word' id='word_1_93' title='bbox 1040 1541 1107 1586; x_wconf 90' lang='lat' dir='ltr'>non</span> <span class='ocrx_word' id='word_1_94' title='bbox 1133 1522 1245 1586; x_wconf 87' lang='lat' dir='ltr'>nullae</span> 
     </span>
     <span class='ocr_line' id='line_1_14' title="bbox 182 1625 1244 1710; baseline -0.001 -19"><span class='ocrx_word' id='word_1_95' title='bbox 182 1630 367 1710; x_wconf 76' lang='lat' dir='ltr'><strong>tempestate</strong></span> <span class='ocrx_word' id='word_1_96' title='bbox 389 1625 589 1710; x_wconf 88' lang='lat' dir='ltr'>deperierant</span> <span class='ocrx_word' id='word_1_97' title='bbox 610 1645 722 1709; x_wconf 87' lang='lat' dir='ltr'>naves,</span> <span class='ocrx_word' id='word_1_98' title='bbox 750 1626 875 1691; x_wconf 91' lang='lat' dir='ltr'>dnobus</span> <span class='ocrx_word' id='word_1_99' title='bbox 899 1628 1126 1692; x_wconf 89' lang='lat' dir='ltr'>commeatibus</span> <span class='ocrx_word' id='word_1_100' title='bbox 1149 1647 1244 1692; x_wconf 84' lang='lat' dir='ltr'>exer-</span> 
     </span>
     <span class='ocr_line' id='line_1_15' title="bbox 155 1732 1245 1816; baseline -0.004 -16"><span class='ocrx_word' id='word_1_101' title='bbox 155 1732 282 1800; x_wconf 89' lang='lat' dir='ltr'>eoitum</span> <span class='ocrx_word' id='word_1_102' title='bbox 304 1736 464 1816; x_wconf 87' lang='lat' dir='ltr'>reportare</span> <span class='ocrx_word' id='word_1_103' title='bbox 486 1732 632 1796; x_wconf 82' lang='lat' dir='ltr'>instituit</span> <span class='ocrx_word' id='word_1_104' title='bbox 678 1752 715 1797; x_wconf 90' lang='lat' dir='ltr'>ac</span> <span class='ocrx_word' id='word_1_105' title='bbox 733 1733 779 1796; x_wconf 91' lang='lat' dir='ltr'>sic</span> <span class='ocrx_word' id='word_1_106' title='bbox 798 1733 925 1815; x_wconf 89' lang='lat' dir='ltr'>accidit,</span> <span class='ocrx_word' id='word_1_107' title='bbox 947 1734 996 1797; x_wconf 89' lang='lat' dir='ltr'>uti</span> <span class='ocrx_word' id='word_1_108' title='bbox 1019 1753 1060 1798; x_wconf 86' lang='lat' dir='ltr'>ex</span> <span class='ocrx_word' id='word_1_109' title='bbox 1078 1739 1165 1797; x_wconf 91' lang='lat' dir='ltr'>tanto</span> <span class='ocrx_word' id='word_1_110' title='bbox 1184 1753 1245 1797; x_wconf 79' lang='lat' dir='ltr'>na-</span> 
     </span>
     <span class='ocr_line' id='line_1_16' title="bbox 183 1838 1245 1923; baseline 0.001 -21"><span class='ocrx_word' id='word_1_111' title='bbox 183 1839 272 1902; x_wconf 93' lang='lat' dir='ltr'>vium</span> <span class='ocrx_word' id='word_1_112' title='bbox 288 1856 421 1902; x_wconf 89' lang='lat' dir='ltr'>numero</span> <span class='ocrx_word' id='word_1_113' title='bbox 439 1841 486 1902; x_wconf 90' lang='lat' dir='ltr'>tot</span> <span class='ocrx_word' id='word_1_114' title='bbox 497 1838 753 1922; x_wconf 78' lang='lat' dir='ltr'>navigationibus</span> <span class='ocrx_word' id='word_1_115' title='bbox 765 1857 871 1921; x_wconf 90' lang='lat' dir='ltr'>neque</span> <span class='ocrx_word' id='word_1_116' title='bbox 888 1839 949 1902; x_wconf 90' lang='lat' dir='ltr'>hoc</span> <span class='ocrx_word' id='word_1_117' title='bbox 961 1857 1067 1922; x_wconf 89' lang='lat' dir='ltr'>neque</span> <span class='ocrx_word' id='word_1_118' title='bbox 1080 1841 1245 1923; x_wconf 88' lang='lat' dir='ltr'>superiore</span> 
     </span>
     <span class='ocr_line' id='line_1_17' title="bbox 183 1944 1243 2028; baseline -0.001 -19"><span class='ocrx_word' id='word_1_119' title='bbox 183 1963 267 2009; x_wconf 89' lang='lat' dir='ltr'>anno</span> <span class='ocrx_word' id='word_1_120' title='bbox 289 1945 357 2010; x_wconf 91' lang='lat' dir='ltr'>ulla</span> <span class='ocrx_word' id='word_1_121' title='bbox 379 1944 509 2009; x_wconf 91' lang='lat' dir='ltr'>omnino</span> <span class='ocrx_word' id='word_1_122' title='bbox 532 1946 636 2028; x_wconf 90' lang='lat' dir='ltr'>navis,</span> <span class='ocrx_word' id='word_1_123' title='bbox 660 1963 741 2028; x_wconf 91' lang='lat' dir='ltr'>quac</span> <span class='ocrx_word' id='word_1_124' title='bbox 763 1945 880 2010; x_wconf 88' lang='lat' dir='ltr'>milites</span> <span class='ocrx_word' id='word_1_125' title='bbox 902 1951 1053 2028; x_wconf 89' lang='lat' dir='ltr'>portaret,</span> <span class='ocrx_word' id='word_1_126' title='bbox 1081 1945 1243 2010; x_wconf 90' lang='lat' dir='ltr'>desidera·</span> 
     </span>
     <span class='ocr_line' id='line_1_18' title="bbox 154 2051 1244 2135; baseline -0.002 -18"><span class='ocrx_word' id='word_1_127' title='bbox 154 2056 282 2135; x_wconf 75' lang='lat' dir='ltr'>aretur,</span> <span class='ocrx_word' id='word_1_128' title='bbox 308 2056 341 2116; x_wconf 88' lang='lat' dir='ltr'>at</span> <span class='ocrx_word' id='word_1_129' title='bbox 363 2070 405 2117; x_wconf 86' lang='lat' dir='ltr'>ex</span> <span class='ocrx_word' id='word_1_130' title='bbox 427 2051 480 2134; x_wconf 91' lang='lat' dir='ltr'>iis,</span> <span class='ocrx_word' id='word_1_131' title='bbox 509 2069 590 2134; x_wconf 86' lang='lat' dir='ltr'>quae</span> <span class='ocrx_word' id='word_1_132' title='bbox 617 2051 727 2115; x_wconf 89' lang='lat' dir='ltr'>inanes</span> <span class='ocrx_word' id='word_1_133' title='bbox 755 2069 795 2114; x_wconf 84' lang='lat' dir='ltr'>ex</span> <span class='ocrx_word' id='word_1_134' title='bbox 823 2051 997 2115; x_wconf 87' lang='lat' dir='ltr'>continenti</span> <span class='ocrx_word' id='word_1_135' title='bbox 1022 2051 1062 2114; x_wconf 89' lang='lat' dir='ltr'>ed</span> <span class='ocrx_word' id='word_1_136' title='bbox 1090 2070 1163 2116; x_wconf 92' lang='lat' dir='ltr'>eum</span> <span class='ocrx_word' id='word_1_137' title='bbox 1191 2070 1244 2115; x_wconf 88' lang='lat' dir='ltr'>re·</span> 
     </span>
     <span class='ocr_line' id='line_1_19' title="bbox 181 2155 1243 2242; baseline 0 -20"><span class='ocrx_word' id='word_1_138' title='bbox 181 2159 381 2223; x_wconf 82' lang='lat' dir='ltr'>mitterentur</span> <span class='ocrx_word' id='word_1_139' title='bbox 408 2155 462 2242; x_wconf 89' lang='lat' dir='ltr'>[et]</span> <span class='ocrx_word' id='word_1_140' title='bbox 489 2157 602 2241; x_wconf 89' lang='lat' dir='ltr'>prioris</span> <span class='ocrx_word' id='word_1_141' title='bbox 629 2161 822 2221; x_wconf 79' lang='lat' dir='ltr'>commeatus</span> <span class='ocrx_word' id='word_1_142' title='bbox 850 2158 1001 2241; x_wconf 85' lang='lat' dir='ltr'>expositis</span> <span class='ocrx_word' id='word_1_143' title='bbox 1028 2157 1182 2221; x_wconf 87' lang='lat' dir='ltr'>militibus</span> <span class='ocrx_word' id='word_1_144' title='bbox 1208 2161 1243 2222; x_wconf 92' lang='lat' dir='ltr'>et</span> 
     </span>
     <span class='ocr_line' id='line_1_20' title="bbox 183 2262 1240 2348; baseline -0.002 -19"><span class='ocrx_word' id='word_1_145' title='bbox 183 2283 262 2347; x_wconf 89' lang='lat' dir='ltr'>quas</span> <span class='ocrx_word' id='word_1_146' title='bbox 293 2267 402 2348; x_wconf 89' lang='lat' dir='ltr'>postea</span> <span class='ocrx_word' id='word_1_147' title='bbox 431 2262 592 2328; x_wconf 83' lang='lat' dir='ltr'>Labienus</span> <span class='ocrx_word' id='word_1_148' title='bbox 623 2262 782 2327; x_wconf 85' lang='lat' dir='ltr'>faciendas</span> <span class='ocrx_word' id='word_1_149' title='bbox 813 2267 976 2328; x_wconf 85' lang='lat' dir='ltr'>curaverat</span> <span class='ocrx_word' id='word_1_150' title='bbox 1006 2282 1138 2327; x_wconf 93' lang='lat' dir='ltr'>numero</span> <span class='ocrx_word' id='word_1_151' title='bbox 1171 2263 1240 2348; x_wconf 84' lang='lat' dir='ltr'>LX,</span> 
     </span>
     <span class='ocr_line' id='line_1_21' title="bbox 180 2369 1241 2455; baseline -0.002 -21"><span class='ocrx_word' id='word_1_152' title='bbox 180 2389 355 2455; x_wconf 88' lang='lat' dir='ltr'>perpaucae</span> <span class='ocrx_word' id='word_1_153' title='bbox 376 2369 483 2433; x_wconf 90' lang='lat' dir='ltr'>locum</span> <span class='ocrx_word' id='word_1_154' title='bbox 506 2373 664 2452; x_wconf 90' lang='lat' dir='ltr'>caperent,</span> <span class='ocrx_word' id='word_1_155' title='bbox 690 2369 832 2450; x_wconf 91' lang='lat' dir='ltr'>reliquae</span> <span class='ocrx_word' id='word_1_156' title='bbox 854 2370 919 2433; x_wconf 88' lang='lat' dir='ltr'>fere</span> <span class='ocrx_word' id='word_1_157' title='bbox 946 2388 1056 2432; x_wconf 91' lang='lat' dir='ltr'>omnes</span> <span class='ocrx_word' id='word_1_158' title='bbox 1082 2370 1241 2434; x_wconf 91' lang='lat' dir='ltr'>reiceren-</span> 
     </span>
     <span class='ocr_line' id='line_1_22' title="bbox 153 2471 1241 2558; baseline -0.002 -17"><span class='ocrx_word' id='word_1_159' title='bbox 153 2481 239 2542; x_wconf 83' lang='lat' dir='ltr'>stur.</span> <span class='ocrx_word' id='word_1_160' title='bbox 286 2494 364 2558; x_wconf 91' lang='lat' dir='ltr'>quas</span> <span class='ocrx_word' id='word_1_161' title='bbox 386 2493 460 2538; x_wconf 92' lang='lat' dir='ltr'>cum</span> <span class='ocrx_word' id='word_1_162' title='bbox 483 2474 678 2557; x_wconf 89' lang='lat' dir='ltr'>aliquamdiu</span> <span class='ocrx_word' id='word_1_163' title='bbox 698 2471 810 2537; x_wconf 82' lang='lat' dir='ltr'>Caesar</span> <span class='ocrx_word' id='word_1_164' title='bbox 831 2475 948 2538; x_wconf 85' lang='lat' dir='ltr'>frustra</span> <span class='ocrx_word' id='word_1_165' title='bbox 966 2481 1174 2558; x_wconf 83' lang='lat' dir='ltr'>expectasset,</span> <span class='ocrx_word' id='word_1_166' title='bbox 1196 2494 1241 2539; x_wconf 88' lang='lat' dir='ltr'>ne</span> 
     </span>
     <span class='ocr_line' id='line_1_23' title="bbox 180 2579 1241 2664; baseline 0.001 -20"><span class='ocrx_word' id='word_1_167' title='bbox 180 2581 256 2644; x_wconf 89' lang='lat' dir='ltr'>anni</span> <span class='ocrx_word' id='word_1_168' title='bbox 288 2586 428 2663; x_wconf 91' lang='lat' dir='ltr'>tempore</span> <span class='ocrx_word' id='word_1_169' title='bbox 460 2581 708 2663; x_wconf 80' lang='lat' dir='ltr'>enavigatione</span> <span class='ocrx_word' id='word_1_170' title='bbox 741 2579 977 2664; x_wconf 84' lang='lat' dir='ltr'>excluderetur,</span> <span class='ocrx_word' id='word_1_171' title='bbox 1011 2580 1094 2663; x_wconf 91' lang='lat' dir='ltr'>quod</span> <span class='ocrx_word' id='word_1_172' title='bbox 1129 2583 1241 2663; x_wconf 89' lang='lat' dir='ltr'>aequi·</span> 
     </span>
     <span class='ocr_line' id='line_1_24' title="bbox 178 2684 1240 2769; baseline 0.001 -20"><span class='ocrx_word' id='word_1_173' title='bbox 178 2686 319 2749; x_wconf 91' lang='lat' dir='ltr'>noctium</span> <span class='ocrx_word' id='word_1_174' title='bbox 347 2684 486 2769; x_wconf 90' lang='lat' dir='ltr'>suberat,</span> <span class='ocrx_word' id='word_1_175' title='bbox 517 2686 694 2749; x_wconf 88' lang='lat' dir='ltr'>necessario</span> <span class='ocrx_word' id='word_1_176' title='bbox 727 2686 892 2769; x_wconf 86' lang='lat' dir='ltr'>angustius</span> <span class='ocrx_word' id='word_1_177' title='bbox 919 2686 1034 2750; x_wconf 89' lang='lat' dir='ltr'>milites</span> <span class='ocrx_word' id='word_1_178' title='bbox 1061 2687 1240 2752; x_wconf 88' lang='lat' dir='ltr'>conlocavit</span> 
     </span>
     <span class='ocr_line' id='line_1_25' title="bbox 152 2791 1240 2873; baseline -0.003 -14"><span class='ocrx_word' id='word_1_179' title='bbox 152 2810 217 2860; x_wconf 85' lang='lat' dir='ltr'>eae</span> <span class='ocrx_word' id='word_1_180' title='bbox 240 2810 364 2856; x_wconf 91' lang='lat' dir='ltr'>summa</span> <span class='ocrx_word' id='word_1_181' title='bbox 381 2791 609 2873; x_wconf 85' lang='lat' dir='ltr'>tranquillitate</span> <span class='ocrx_word' id='word_1_182' title='bbox 625 2799 807 2873; x_wconf 89' lang='lat' dir='ltr'>consecuta,</span> <span class='ocrx_word' id='word_1_183' title='bbox 829 2791 969 2856; x_wconf 84' lang='lat' dir='ltr'>secunde</span> <span class='ocrx_word' id='word_1_184' title='bbox 984 2792 1064 2855; x_wconf 89' lang='lat' dir='ltr'>inita</span> <span class='ocrx_word' id='word_1_185' title='bbox 1084 2811 1156 2856; x_wconf 91' lang='lat' dir='ltr'>cnm</span> <span class='ocrx_word' id='word_1_186' title='bbox 1175 2794 1240 2857; x_wconf 93' lang='lat' dir='ltr'>sol·</span> 
     </span>
     <span class='ocr_line' id='line_1_26' title="bbox 179 2896 1238 2982; baseline -0.001 -19"><span class='ocrx_word' id='word_1_187' title='bbox 179 2897 279 2963; x_wconf 88' lang='lat' dir='ltr'>visset</span> <span class='ocrx_word' id='word_1_188' title='bbox 299 2897 423 2982; x_wconf 80' lang='lat' dir='ltr'>vigilia,</span> <span class='ocrx_word' id='word_1_189' title='bbox 449 2897 552 2981; x_wconf 85' lang='lat' dir='ltr'>prima</span> <span class='ocrx_word' id='word_1_190' title='bbox 573 2896 645 2961; x_wconf 90' lang='lat' dir='ltr'>luce</span> <span class='ocrx_word' id='word_1_191' title='bbox 672 2902 788 2962; x_wconf 89' lang='lat' dir='ltr'>terram</span> <span class='ocrx_word' id='word_1_192' title='bbox 816 2897 920 2980; x_wconf 82' lang='lat' dir='ltr'>attigit</span> <span class='ocrx_word' id='word_1_193' title='bbox 948 2916 1120 2980; x_wconf 89' lang='lat' dir='ltr'>omnesque</span> <span class='ocrx_word' id='word_1_194' title='bbox 1148 2899 1238 2963; x_wconf 92' lang='lat' dir='ltr'>inco·</span> 
     </span>
     <span class='ocr_line' id='line_1_27' title="bbox 179 3002 580 3087; baseline -0.005 -19"><span class='ocrx_word' id='word_1_195' title='bbox 179 3003 282 3070; x_wconf 92' lang='lat' dir='ltr'>lumes</span> <span class='ocrx_word' id='word_1_196' title='bbox 303 3022 400 3067; x_wconf 91' lang='lat' dir='ltr'>naves</span> <span class='ocrx_word' id='word_1_197' title='bbox 421 3002 580 3087; x_wconf 88' lang='lat' dir='ltr'>perduxit</span> 
     </span>
     <span class='ocr_line' id='line_1_28' title="bbox 125 3107 1238 3189; baseline -0.002 -14"><span class='ocrx_word' id='word_1_198' title='bbox 125 3125 162 3184; x_wconf 66' lang='grc' dir='ltr'>ει</span> <span class='ocrx_word' id='word_1_199' title='bbox 268 3108 439 3176; x_wconf 85' lang='lat' dir='ltr'>Subductis</span> <span class='ocrx_word' id='word_1_200' title='bbox 466 3108 603 3173; x_wconf 91' lang='lat' dir='ltr'>navibus</span> <span class='ocrx_word' id='word_1_201' title='bbox 629 3108 830 3189; x_wconf 88' lang='lat' dir='ltr'>concilioque</span> <span class='ocrx_word' id='word_1_202' title='bbox 853 3107 1017 3172; x_wconf 85' lang='lat' dir='ltr'>Gallorum</span> <span class='ocrx_word' id='word_1_203' title='bbox 1042 3107 1238 3174; x_wconf 86' lang='lat' dir='ltr'>Samarobri-</span> 
     </span>
     <span class='ocr_line' id='line_1_29' title="bbox 177 3213 1241 3300; baseline -0.001 -19"><span class='ocrx_word' id='word_1_204' title='bbox 177 3228 239 3281; x_wconf 79' lang='lat' dir='ltr'>vae</span> <span class='ocrx_word' id='word_1_205' title='bbox 260 3222 400 3300; x_wconf 86' lang='lat' dir='ltr'>peracto,</span> <span class='ocrx_word' id='word_1_206' title='bbox 423 3214 509 3298; x_wconf 93' lang='lat' dir='ltr'>quod</span> <span class='ocrx_word' id='word_1_207' title='bbox 531 3233 569 3280; x_wconf 89' lang='lat' dir='ltr'>eo</span> <span class='ocrx_word' id='word_1_208' title='bbox 592 3233 676 3278; x_wconf 90' lang='lat' dir='ltr'>anno</span> <span class='ocrx_word' id='word_1_209' title='bbox 699 3213 894 3278; x_wconf 84' lang='lat' dir='ltr'>frumentum</span> <span class='ocrx_word' id='word_1_210' title='bbox 921 3213 957 3278; x_wconf 91' lang='lat' dir='ltr'>in</span> <span class='ocrx_word' id='word_1_211' title='bbox 981 3213 1082 3279; x_wconf 83' lang='lat' dir='ltr'>Galba</span> <span class='ocrx_word' id='word_1_212' title='bbox 1109 3226 1241 3299; x_wconf 87' lang='lat' dir='ltr'>propter</span> 
     </span>
     <span class='ocr_line' id='line_1_30' title="bbox 179 3319 1240 3406; baseline -0.002 -19"><span class='ocrx_word' id='word_1_213' title='bbox 179 3323 335 3388; x_wconf 88' lang='lat' dir='ltr'>siccitates</span> <span class='ocrx_word' id='word_1_214' title='bbox 358 3322 524 3406; x_wconf 83' lang='lat' dir='ltr'>angustius</span> <span class='ocrx_word' id='word_1_215' title='bbox 546 3325 745 3405; x_wconf 88' lang='lat' dir='ltr'>provenerat,</span> <span class='ocrx_word' id='word_1_216' title='bbox 768 3324 896 3384; x_wconf 89' lang='lat' dir='ltr'>coactus</span> <span class='ocrx_word' id='word_1_217' title='bbox 913 3324 960 3383; x_wconf 92' lang='lat' dir='ltr'>est</span> <span class='ocrx_word' id='word_1_218' title='bbox 980 3319 1125 3384; x_wconf 81' lang='lat' dir='ltr'>aliterue</span> <span class='ocrx_word' id='word_1_219' title='bbox 1144 3339 1240 3404; x_wconf 90' lang='lat' dir='ltr'>supe·</span> 
     </span>
     <span class='ocr_line' id='line_1_31' title="bbox 179 3425 1240 3509; baseline -0.002 -17"><span class='ocrx_word' id='word_1_220' title='bbox 179 3429 316 3494; x_wconf 89' lang='lat' dir='ltr'>rioribus</span> <span class='ocrx_word' id='word_1_221' title='bbox 338 3429 430 3493; x_wconf 88' lang='lat' dir='ltr'>annis</span> <span class='ocrx_word' id='word_1_222' title='bbox 453 3428 628 3493; x_wconf 87' lang='lat' dir='ltr'>exercitum</span> <span class='ocrx_word' id='word_1_223' title='bbox 645 3427 680 3489; x_wconf 95' lang='lat' dir='ltr'>in</span> <span class='ocrx_word' id='word_1_224' title='bbox 695 3425 836 3490; x_wconf 91' lang='lat' dir='ltr'>hibernis</span> <span class='ocrx_word' id='word_1_225' title='bbox 853 3425 1017 3489; x_wconf 88' lang='lat' dir='ltr'>conlocare</span> <span class='ocrx_word' id='word_1_226' title='bbox 1032 3425 1240 3509; x_wconf 85' lang='lat' dir='ltr'>legionesque</span> 
     </span>
     <span class='ocr_line' id='line_1_32' title="bbox 114 3523 1238 3619; baseline -0.008 -16"><span class='ocrx_word' id='word_1_227' title='bbox 114 3523 117 3529; x_wconf 58' lang='grc'><strong>’</strong></span> <span class='ocrx_word' id='word_1_228' title='bbox 152 3536 214 3603; x_wconf 83' lang='lat' dir='ltr'>ain</span> <span class='ocrx_word' id='word_1_229' title='bbox 236 3535 343 3619; x_wconf 90' lang='lat' dir='ltr'>plures</span> <span class='ocrx_word' id='word_1_230' title='bbox 365 3535 509 3598; x_wconf 88' lang='lat' dir='ltr'>civitates</span> <span class='ocrx_word' id='word_1_231' title='bbox 536 3531 732 3597; x_wconf 89' lang='lat' dir='ltr'>distribuere.</span> <span class='ocrx_word' id='word_1_232' title='bbox 778 3530 959 3613; x_wconf 83' lang='lat' dir='ltr'>exquibus</span> <span class='ocrx_word' id='word_1_233' title='bbox 987 3550 1083 3594; x_wconf 91' lang='lat' dir='ltr'>unam</span> <span class='ocrx_word' id='word_1_234' title='bbox 1111 3532 1145 3594; x_wconf 91' lang='lat' dir='ltr'>in</span> <span class='ocrx_word' id='word_1_235' title='bbox 1169 3531 1238 3595; x_wconf 88' lang='lat' dir='ltr'>llo·</span> 
     </span>
     <span class='ocr_line' id='line_1_33' title="bbox 178 3636 1239 3721; baseline -0.006 -15"><span class='ocrx_word' id='word_1_236' title='bbox 178 3641 266 3706; x_wconf 91' lang='lat' dir='ltr'>rinos</span> <span class='ocrx_word' id='word_1_237' title='bbox 289 3639 466 3705; x_wconf 88' lang='lat' dir='ltr'>ducendam</span> <span class='ocrx_word' id='word_1_238' title='bbox 490 3636 521 3702; x_wconf 83' lang='lat' dir='ltr'>C.</span> <span class='ocrx_word' id='word_1_239' title='bbox 540 3637 636 3702; x_wconf 81' lang='lat' dir='ltr'>Fabio</span> <span class='ocrx_word' id='word_1_240' title='bbox 654 3638 758 3721; x_wconf 86' lang='lat' dir='ltr'>legato</span> <span class='ocrx_word' id='word_1_241' title='bbox 778 3636 877 3718; x_wconf 89' lang='lat' dir='ltr'>dedit,</span> <span class='ocrx_word' id='word_1_242' title='bbox 900 3636 1031 3701; x_wconf 89' lang='lat' dir='ltr'>alteram</span> <span class='ocrx_word' id='word_1_243' title='bbox 1049 3637 1082 3699; x_wconf 94' lang='lat' dir='ltr'>in</span> <span class='ocrx_word' id='word_1_244' title='bbox 1101 3637 1239 3701; x_wconf 87' lang='lat' dir='ltr'>Nervios</span> 
     </span>
     <span class='ocr_line' id='line_1_34' title="bbox 181 3741 1236 3828; baseline -0.007 -17"><span class='ocrx_word' id='word_1_245' title='bbox 181 3743 216 3823; x_wconf 67' lang='lat' dir='ltr'>Q„</span> <span class='ocrx_word' id='word_1_246' title='bbox 245 3745 403 3828; x_wconf 81' lang='lat' dir='ltr'>Ciceroni,</span> <span class='ocrx_word' id='word_1_247' title='bbox 435 3745 559 3809; x_wconf 89' lang='lat' dir='ltr'>tertiam</span> <span class='ocrx_word' id='word_1_248' title='bbox 585 3744 620 3807; x_wconf 93' lang='lat' dir='ltr'>in</span> <span class='ocrx_word' id='word_1_249' title='bbox 646 3743 784 3807; x_wconf 79' lang='lat' dir='ltr'>Esnvios</span> <span class='ocrx_word' id='word_1_250' title='bbox 811 3741 844 3806; x_wconf 74' lang='lat' dir='ltr'>Ia</span> <span class='ocrx_word' id='word_1_251' title='bbox 872 3742 1001 3824; x_wconf 90' lang='lat' dir='ltr'>Roscio,</span> <span class='ocrx_word' id='word_1_252' title='bbox 1029 3752 1170 3824; x_wconf 83' lang='lat' dir='ltr'>quartam</span> <span class='ocrx_word' id='word_1_253' title='bbox 1200 3741 1236 3804; x_wconf 89' lang='lat' dir='ltr'>in</span> 
     </span>
     <span class='ocr_line' id='line_1_35' title="bbox 179 3848 1240 3918; baseline -0.007 0"><span class='ocrx_word' id='word_1_254' title='bbox 179 3850 288 3918; x_wconf 86' lang='lat' dir='ltr'>Remis</span> <span class='ocrx_word' id='word_1_255' title='bbox 315 3871 390 3918; x_wconf 88' lang='lat' dir='ltr'>eum</span> <span class='ocrx_word' id='word_1_256' title='bbox 414 3851 447 3916; x_wconf 81' lang='grc' dir='ltr'>Τ.</span> <span class='ocrx_word' id='word_1_257' title='bbox 469 3849 608 3915; x_wconf 88' lang='lat' dir='ltr'>labieno</span> <span class='ocrx_word' id='word_1_258' title='bbox 635 3850 670 3912; x_wconf 92' lang='lat' dir='ltr'>in</span> <span class='ocrx_word' id='word_1_259' title='bbox 699 3848 835 3912; x_wconf 89' lang='lat' dir='ltr'>confinio</span> <span class='ocrx_word' id='word_1_260' title='bbox 862 3849 1071 3914; x_wconf 75' lang='lat' dir='ltr'>Treverorum</span> <span class='ocrx_word' id='word_1_261' title='bbox 1098 3848 1240 3911; x_wconf 88' lang='lat' dir='ltr'>hiemare</span> 
     </span>
    </p>
   </div>
   <div class='ocr_carea' id='block_1_4' title="bbox 0 0 1374 4424">
    <p class='ocr_par' dir='ltr' id='par_1_4' title="bbox 0 0 1374 4424">
     <span class='ocr_line' id='line_1_36' title="bbox 0 0 1374 4424; baseline 0 3"><span class='ocrx_word' id='word_1_262' title='bbox 0 0 1374 4424; x_wconf 95' lang='lat' dir='ltr'> </span> 
     </span>
    </p>
   </div>
  </div>
 </body>
</html>
