2738 4424
183 275 224 339 10
579 291 684 346 BELLI
702 291 843 347 GALLIO}

181 452 324 517 oratione
361 450 503 518 Caesaris
539 454 707 537 adductus,
740 454 827 536 quod
858 458 951 518 antea
981 456 1135 536 tacuerat,
1170 471 1243 535 pro·

180 558 283 641 ponit:
317 578 385 625 esse
413 578 478 623 non
506 559 624 642 nullos,
652 578 788 643 quorum
815 560 984 623 auctoritas
1012 558 1096 643 apud
1116 557 1242 641 plebem

180 663 355 746 plurimum
386 665 501 748 valeat,
532 666 589 748 qui
616 665 765 748 privatim
797 665 869 748 plus
900 665 1023 748 possint
1055 683 1150 746 quam
1181 663 1243 746 ipsi

154 772 390 854 magistratus.
440 771 498 835 hos
530 771 680 836 seditiosa
706 774 801 852 atque
828 770 973 853 improba
998 770 1138 835 oratione
1160 769 1243 832 mul·

182 876 350 939 titudinem
377 876 547 959 deterrere,
577 895 618 941 ne
645 877 840 941 trumentum
867 876 1043 957 conferant,
1075 875 1161 958 quod
1188 876 1242 940 de-

152 981 289 1048 ebeant:
312 987 483 1065 praestare,
507 983 535 1047 si
554 983 618 1047 iam
632 983 847 1067 principatum
866 980 986 1046 Galliae
1009 981 1152 1046 obtinere
1175 1000 1242 1045 non

182 1088 316 1170 possint,
352 1086 516 1152 Gallorum
552 1108 648 1172 quam
685 1088 902 1153 Romanorum
932 1089 1065 1172 imperia
1094 1087 1241 1172 perferre,

154 1213 288 1276 cneque
324 1193 468 1259 dubitare
506 1194 633 1278 debere,
676 1196 768 1278 quin,
810 1196 838 1260 si
872 1194 1038 1260 Helvetios
1074 1211 1242 1276 superave-

181 1301 247 1363 rint
272 1299 419 1384 Romani,
451 1320 518 1365 una
549 1319 623 1364 oum
654 1302 779 1384 reliqua
811 1299 914 1364 Galba
940 1299 1083 1365 Haeduis
1114 1299 1242 1364 liberta·
1309 1317 1310 1320 ’

153 1410 246 1472 stom
268 1407 333 1470 sint
354 1407 501 1489 erepturi.
548 1406 587 1470 ab
615 1407 718 1471 isdem
744 1411 854 1472 nostra
876 1406 1008 1471 consilia
1035 1424 1180 1489 quaeque
1208 1406 1243 1468 in

182 1512 291 1575 castris
313 1517 464 1595 gerantur
485 1513 629 1577 hostibus
648 1514 823 1599 enuntiari3
847 1513 905 1577 hos
928 1531 998 1578 ase
1017 1513 1155 1576 coerceri
1176 1530 1242 1575 non

153 1636 280 1701 eposse.
327 1619 404 1700 quin
432 1620 539 1700 etiam,
573 1619 659 1701 quod
680 1621 891 1683 necessariam
917 1637 985 1683 rem
1013 1623 1139 1682 coactus
1166 1616 1242 1682 an-

181 1724 245 1786 sari
271 1725 456 1808 enuntiarit,
483 1724 670 1809 intellegere
692 1743 775 1807 sese,
803 1730 921 1807 quanto
949 1724 982 1788 id
1005 1743 1079 1788 cum
1101 1724 1241 1808 periculo

180 1829 302 1912 fecerit,
325 1834 357 1894 et
379 1830 419 1893 ob
444 1849 514 1894 earn
537 1849 678 1915 causam,
708 1850 804 1913 quam
836 1831 892 1894 diu
918 1831 1069 1915 potuerit,
1098 1832 1242 1895 tacuisse.

127 1943 163 1999 18
182 1935 296 2000 Caesar
326 1937 386 1999 hac
424 1937 565 2001 oratione
596 1935 682 2001 Lisci
712 1935 958 2020 Dumnorigem,
994 1935 1151 2000 Diviciaci
1181 1937 1242 1999 fra·

181 2045 275 2125 trem,
298 2041 458 2126 designari
478 2043 644 2125 sentiebat,
668 2043 736 2126 sed,
757 2043 843 2126 quod
859 2042 1006 2126 pluribus
1024 2041 1241 2125 praesentibus
1315 2081 1317 2086 ·

180 2166 233 2212 eas
252 2166 304 2212 res
318 2149 428 2212 iactari
446 2149 588 2232 nolebat,
609 2149 754 2213 celeriter
768 2148 941 2213 concilium
957 2148 1098 2228 dimittit,
1113 2146 1242 2211 Liscum

153 2253 303 2320 aretinet.
336 2256 459 2337 quaerit
474 2275 516 2320 ex
531 2255 598 2320 solo
614 2274 663 2338 ea,
678 2274 759 2337 quae
774 2255 810 2319 in
824 2257 984 2317 conventu
1000 2253 1131 2316 dixerat
1163 2253 1242 2317 dicit

100 2345 102 2350 ¹
180 2358 314 2423 liberius
336 2365 432 2442 atque
455 2361 614 2426 audacius.
660 2361 772 2425 eadem
798 2364 918 2424 secreto
943 2359 981 2422 ab
1008 2358 1078 2422 aliis
1103 2359 1239 2440 quaerit;

151 2466 297 2548 ereperit
319 2484 388 2530 esse
408 2485 496 2530 vera:
520 2467 625 2550 ipsum
648 2484 716 2530 esse
734 2465 977 2549 Dumnorigem,
1001 2484 1126 2529 summa
1144 2465 1240 2528 auda-

180 2571 240 2655 cia,
263 2590 379 2656 magna
394 2572 478 2656 apud
496 2572 621 2655 plebem
639 2577 767 2656 propter
781 2571 1002 2636 liberalitatem
1016 2572 1130 2654 gratia,
1153 2572 1240 2655 cupi-

181 2677 258 2741 dum
271 2697 379 2742 rerum
396 2696 560 2741 novarum.
588 2677 767 2761 complures
787 2696 887 2742 annos
902 2679 1041 2762 portoria
1054 2677 1240 2759 reliquaque

180 2784 288 2846 omnia
313 2781 521 2847 Haeduorum
548 2783 715 2868 vectigalia
740 2803 838 2867 parvo
865 2785 967 2866 pretio
994 2783 1158 2865 redempta
1186 2783 1239 2846 ha·

180 2889 268 2973 bere,
286 2895 451 2973 propterea
465 2889 551 2972 quod
568 2890 623 2954 illo
637 2889 753 2954 licente
772 2893 882 2954 contra
894 2889 985 2954 liceri
1005 2888 1120 2952 audeat
1136 2907 1239 2953 nemo.

152 2995 231 3061 chia
252 2995 348 3061 rebus
371 2999 403 3060 et
420 3014 511 3059 suam
527 3015 596 3060 rem
613 2995 801 3060 familiarem
821 2996 949 3059 auxisse
968 2999 1000 3060 et
1017 2994 1181 3058 facultates
1200 2995 1237 3058 ad

154 3101 380 3185 elargiendam
402 3120 533 3182 magnas
552 3120 764 3184 comparasse3
788 3120 941 3184 magnum
960 3120 1131 3165 numerum
1151 3102 1241 3183 equi-

152 3213 265 3275 status
285 3226 342 3271 suo
357 3211 483 3290 sumptu
499 3225 623 3290 semper
641 3207 725 3272 alere
744 3212 776 3272 et
793 3208 913 3270 circum
931 3225 966 3272 se
984 3206 1113 3288 habere,
1136 3225 1240 3289 neque

181 3314 286 3380 solum
313 3313 412 3394 domi,
443 3313 622 3377 sedetiam
649 3313 734 3396 apud
760 3312 910 3377 finitimas
938 3314 1081 3378 civitates
1112 3312 1241 3396 largiter

180 3439 286 3504 posse,
308 3424 403 3501 atque
426 3420 521 3483 huius
544 3420 703 3503 potentiae
722 3439 817 3484 eausa
834 3423 968 3483 matrem
990 3421 1026 3483 in
1044 3413 1241 3501 Biturigibus

154 3525 304 3594 rhomini
325 3525 391 3590 illic
413 3525 609 3589 nobilissimo
628 3545 665 3589 ac
681 3526 900 3609 potentissimo
919 3525 1114 3604 conlocasse3
1137 3526 1242 3606 ipsum

183 3649 225 3695 ex
242 3628 398 3695 Helvetiis
420 3651 555 3696 uxorem
578 3620 707 3714 habere,
730 3651 870 3697 sororem
889 3651 931 3696 ex
948 3633 1048 3695 matre
1067 3634 1099 3694 et
1116 3630 1242 3712 propin·

155 3756 263 3820 squas
285 3755 358 3800 suas
380 3743 516 3821 nuptum
537 3739 573 3803 in
596 3738 673 3802 alias
696 3739 838 3802 civitates
858 3737 1047 3801 conlocasse.
1085 3736 1191 3799 favore
1211 3740 1243 3799 et

184 3861 298 3926 cupere
326 3840 482 3908 Helvetiis
509 3849 638 3928 propter
668 3863 739 3908 eam
770 3842 977 3926 adfinitatem,
1010 3841 1114 3906 odisse
1147 3841 1243 3905 etiam
1277 3929 1278 3934 γ

184 3967 242 4014 suo
264 3949 393 4014 nomine
417 3947 583 4015 Caesarem
606 3954 638 4015 et
659 3948 832 4031 Romanos,
861 3947 947 4030 quod
970 3965 1080 4012 eorum
1103 3946 1243 4009 adventu
