2738 4424
192 121 235 183 88
589 137 694 194 numu
712 139 854 195 emmor

190 297 238 360 fas
265 316 329 360 non
357 302 484 382 putant3
517 299 595 364 haao
627 306 735 365 tamen
765 301 855 365 alunt
885 301 985 365 animi
1016 299 1261 383 voluptatisque

192 421 293 466 causa
332 403 402 468 loca
420 410 494 469 sunt
511 407 734 490 temperatiora
757 426 852 490 quam
874 407 910 470 in
929 406 1045 490 Gallia,
1063 405 1258 470 remissiori·

136 515 174 572 18
191 507 251 571 bus
274 509 451 591 frigoribus.
486 510 596 576 Insula
613 519 727 576 natura
745 514 913 596 triquetra,
936 513 1028 577 ouius
1046 531 1148 576 unum
1166 511 1258 576 latus

192 621 239 678 θεῖ
261 625 371 680 contra
394 617 538 681 Galliam.
583 619 680 683 huius
702 619 811 684 lateris
839 619 917 684 altar
939 618 1088 702 angulus,
1116 617 1173 701 qui
1203 622 1254 682 ast

190 721 229 785 ad
254 719 414 803 Cantium,
437 743 500 805 quo
523 723 588 788 fere
612 743 722 790 omnes
740 745 782 791 ex
801 725 1018 790 Gallianates
1039 723 1255 808 adpelluntur,

189 828 228 891 ad
257 829 409 893 orientem
437 830 549 912 solem,
582 830 712 895 inferior
744 831 784 895 ad
816 831 982 894 meridiem
1013 833 1142 914 spectat
1187 829 1251 893 hoo

162 932 273 1002 alatus
295 942 381 998 tenet
404 935 527 999 circiter
549 936 639 999 milia
661 955 811 1019 passuum
833 935 872 1000 D.
917 936 1051 1000 altarum
1078 935 1180 1018 vergit
1207 934 1250 999 ad

188 1036 376 1123 Hispaniam
409 1048 504 1125 atquo
536 1041 732 1106 occidentem
763 1042 876 1123 solem3
910 1061 973 1123 qua
1005 1059 1047 1105 ex
1077 1044 1171 1124 parta-
1199 1044 1251 1105 θεῖ

188 1143 342 1210 Hibernia
373 1147 491 1228 insula,
522 1147 652 1210 dimidio
684 1147 803 1228 minor,
839 1151 877 1211 ut
901 1147 1115 1228 existimatur,
1149 1164 1249 1228 quam

187 1251 365 1332 Britannia,
388 1252 444 1316 sed
466 1253 534 1336 pari
552 1252 653 1336 spatio
673 1253 878 1318 transmissus
901 1258 995 1336 atque
1014 1270 1054 1316 ex
1074 1251 1176 1316 Gallia
1198 1257 1249 1316 est

160 1357 221 1427 ain
253 1358 459 1421 Britanniam.
513 1358 549 1422 in
580 1359 641 1422 hoo
672 1358 779 1424 medio
812 1376 908 1423 eursu
939 1365 986 1422 θεῖ
1012 1357 1131 1440 insula,
1163 1375 1249 1441 quaa

187 1463 360 1545 appellatur
392 1462 500 1545 Mona;
534 1465 711 1548 complures
742 1469 904 1548 praeterea
934 1466 1072 1528 minores
1104 1463 1248 1529 obiectae

185 1567 309 1631 insulae
331 1569 564 1650 existimantur,
588 1569 627 1634 de
650 1569 768 1653 quibus
790 1570 904 1634 insulis
926 1587 993 1634 non
1007 1569 1088 1634 nulli
1111 1569 1247 1654 seripse-

158 1678 262 1744 rnmt
285 1674 352 1737 dies
374 1676 542 1738 continuos
561 1673 662 1740 XXX
685 1674 745 1741 sub
760 1675 908 1740 brumam
929 1693 997 1740 esse
1017 1679 1151 1741 noctem
1183 1694 1247 1740 nos

184 1779 264 1842 nihil
290 1780 328 1843 de
351 1798 388 1844 eo
411 1781 700 1864 percontationibus
722 1781 972 1865 reperiebamus,
998 1782 1061 1845 nisi
1084 1780 1178 1846 oertis
1201 1799 1246 1845 ox

184 1903 266 1967 aqua
289 1887 446 1950 mensmis
468 1885 628 1952 breviores
655 1907 844 1972 essequam
870 1888 905 1952 in
930 1887 1107 1953 continenti
1133 1891 1246 1951 noctes

157 1991 377 2063 aridebamus.
423 1993 521 2056 huius
548 1998 595 2057 ast
620 1992 785 2077 longitudo
817 1993 938 2076 lateris,
965 1998 1001 2058 ut
1026 1994 1087 2058 fert
1113 1992 1242 2057 illorum

156 2099 305 2181 aopinio,
336 2097 416 2163 DCC
443 2099 577 2162 milium.
626 2099 753 2163 tertium
786 2105 834 2163 est
865 2104 973 2164 oontm
1003 2099 1244 2182 septentriones,

183 2204 235 2267 oui
259 2205 340 2288 parti
364 2205 453 2268 nulla
476 2211 523 2269 est
546 2203 669 2269 obiecta
691 2210 788 2286 terra;
816 2205 873 2269 sed
900 2205 970 2269 eius
997 2203 1134 2288 angulus
1161 2203 1242 2268 alter
1327 2192 1330 2196 ⁸

182 2312 320 2374 maxime
336 2310 375 2374 ad
388 2309 589 2375 Germaniam
606 2315 732 2393 spectat
755 2310 815 2374 hoo
829 2310 953 2374 milium
968 2329 1118 2393 passuum
1133 2307 1242 2385 DCCC

155 2413 217 2489 ain
239 2416 471 2499 longitudinem
495 2435 562 2481 asse
585 2417 791 2480 existimatur.
832 2416 878 2480 ita
895 2415 998 2478 omnis
1015 2414 1121 2479 insula
1138 2419 1187 2480 est
1203 2416 1238 2479 in

127 2541 163 2598 14
182 2519 317 2584 oirouitu
339 2522 437 2586 vicies
460 2527 588 2586 contum
605 2521 730 2586 milium
750 2540 909 2605 passuum.
949 2519 1001 2583 Ex
1019 2520 1070 2584 his
1089 2521 1241 2587 omnibus

181 2625 275 2710 longa
293 2633 368 2690 sunt
385 2627 617 2709 humanissimi,
636 2628 693 2713 qui
708 2625 856 2690 Cantium
870 2626 1027 2710 incolunt,
1051 2645 1134 2710 quae
1151 2628 1239 2712 ragio

181 2737 229 2798 est
255 2732 412 2797 maritima
439 2733 553 2816 omnis,
584 2752 689 2815 neque
719 2733 859 2796 multum
890 2752 908 2796 a
935 2731 1056 2798 Gallica
1087 2732 1241 2798 differrmt

154 2839 417 2910 aoonsuotudina
467 2839 632 2905 interiores
657 2839 802 2924 plerique
832 2839 991 2903 frumenta
1021 2857 1087 2902 non
1120 2845 1239 2923 serunt,

181 2946 237 3011 sed
258 2945 338 3012 lacta
361 2949 392 3010 et
414 2963 509 3010 carne
530 2947 645 3010 vivunt
662 2946 861 3030 pellibusque
879 2949 954 3009 sunt
971 2944 1084 3009 vestiti
1126 2964 1239 3012 omnes

180 3071 256 3119 vero
284 3072 318 3118 aa
344 3051 490 3116 Britanni
516 3053 599 3117 vitro
627 3051 786 3135 inficiunt,
814 3052 898 3134 quod
927 3050 1110 3115 caeruleum
1138 3050 1239 3116 efficit

180 3159 331 3242 dolorem,
354 3165 450 3242 atque
472 3159 533 3222 hoo
554 3157 768 3224 horribiliores
793 3161 868 3221 sunt
895 3156 930 3220 in
956 3175 1064 3240 pugna
1090 3161 1236 3241 aspectu;

153 3266 359 3350 aoapilloque
381 3253 458 3330 sunt
477 3265 631 3348 promisso
654 3269 749 3349 atque
772 3263 858 3327 omni
880 3268 969 3346 parte
996 3263 1137 3346 eorporis
1164 3283 1239 3327 rasa

152 3378 303 3456 apraeter
333 3376 429 3455 oaput
455 3375 488 3436 et
513 3370 637 3435 labrum
668 3370 822 3454 superius.
870 3386 988 3432 uxores
1014 3368 1134 3434 habent
1160 3370 1235 3434 deni

180 3477 382 3560 duodenique
413 3477 497 3541 inter
528 3495 562 3542 ss
589 3492 772 3541 communes
799 3479 830 3538 θῖ
856 3474 995 3538 maximo
1021 3473 1133 3538 fratres
1160 3492 1233 3538 oum

152 3582 328 3652 amnibus
354 3588 564 3667 parentesque
585 3601 659 3646 oum
685 3580 806 3662 liberis;
839 3579 909 3664 sed,
941 3579 998 3664 qui
1024 3584 1100 3643 sunt
1125 3596 1167 3644 ex
1192 3579 1235 3642 iis

179 3688 258 3771 uati,
280 3706 390 3753 eorum
412 3688 569 3753 habentur
590 3687 695 3770 liberi,
722 3705 786 3770 quo
813 3686 951 3769 primum
973 3685 1064 3769 virgo
1087 3699 1234 3767 quaeque

179 3792 315 3860 deducta
336 3799 392 3860 θεῖ
