2738 4424
470 228 578 284 uena
594 229 630 283 11.
650 228 726 285 car.
747 231 858 283 11-15.
1149 215 1192 279 39

132 410 248 477 oraque
285 392 398 457 omniu
433 392 470 455 in
506 389 658 475 oppidum
689 390 949 472 Bratuspantium
984 392 1194 456 contulissent

131 502 220 581 atqrm
248 496 291 561 ab
320 515 361 563 eo
388 495 507 581 oppido
534 494 651 561 Cacsar
681 515 756 560 cum
786 497 929 559 exercitu
955 496 1080 560 circiter
1105 497 1193 564 milia

130 622 283 689 passuum
319 602 354 665 V
390 600 528 682 abesset,
566 620 676 666 omnes
713 603 849 666 maiores
884 605 963 664 natu
1000 620 1041 665 ex
1076 602 1191 685 oppido

128 710 247 795 egressi
277 726 397 773 manus
429 706 469 771 ad
492 704 658 773 Gaesarem
688 706 819 772 tendere
850 712 883 771 et
903 725 981 771 uoce
1012 706 1191 790 significare

128 818 308 901 coeperunt
328 832 399 879 sese
420 814 457 877 in
478 814 548 877 eius
569 812 666 878 fidem
689 833 726 877 ae
748 817 934 897 potestatem
952 814 1063 877 venire
1084 832 1191 897 neque

127 926 240 986 anua
261 918 420 1005 populum
441 918 623 983 Romanum
645 920 741 984 armis
764 918 963 983 contendere.
1006 920 1094 1002 item,
1117 938 1219 987 cums

127 1026 167 1091 ad
188 1026 351 1111 oppidum
372 1026 557 1091 accessisset
583 1030 749 1108 castraque
771 1024 816 1088 ibi
838 1029 983 1108 poneret,
1009 1026 1100 1108 pueri
1121 1044 1191 1089 mu-

127 1118 292 1215 lieresque
317 1149 360 1195 ex
385 1149 479 1195 muro
509 1130 610 1214 passis
640 1130 788 1193 manibus
818 1148 876 1194 suo
902 1147 990 1195 more
1016 1148 1124 1214 paoem
1151 1130 1190 1195 ab

128 1236 285 1303 Romanis
298 1237 466 1321 petierunt
511 1235 575 1300 Pro
589 1236 639 1300 his
653 1235 835 1300 Diviciacus
847 1255 973 1299 —nam
988 1241 1059 1320 post
1073 1236 1189 1301 disces-
1207 1254 1244 1308 14

128 1362 200 1409 sum
223 1342 400 1427 Belgarum
431 1342 571 1406 dimissis
596 1341 806 1407 Haeduorum
837 1343 936 1427 copiis
967 1341 1005 1406 ad
1038 1360 1112 1407 eum
1141 1361 1190 1407 re-

128 1453 270 1515 verterat
291 1485 335 1497 —
357 1447 432 1512 facit
452 1447 563 1512 rerba:
591 1447 778 1512 Bellovacos
801 1450 887 1512 omni
910 1453 1049 1533 tempore
1070 1450 1106 1513 in
1127 1448 1217 1516 fider

129 1560 228 1639 atque
250 1554 394 1619 amicitia
415 1554 553 1618 ciuitatis
574 1553 726 1619 Haeduae
748 1554 859 1635 inissa
887 1555 1039 1638 impulsos
1062 1555 1100 1620 ab
1124 1557 1217 1622 suisa

129 1659 343 1745 principibus,
370 1661 427 1743 qui
455 1660 596 1724 dicerent
622 1660 774 1724 Haeduos
797 1681 816 1723 a
837 1659 969 1726 Caesare
997 1663 1030 1724 in
1057 1663 1191 1728 servitu·

128 1772 196 1831 mm
217 1764 364 1831 redactos
387 1784 498 1830 omnes
519 1765 723 1848 indignitates
750 1766 1023 1850 contumeliasque
1045 1768 1189 1851 perferre,

129 1878 162 1938 et
183 1871 224 1937 ab
247 1870 392 1937 Haeduis
414 1870 566 1935 defecisse
595 1878 626 1934 et
653 1872 770 1955 populo
792 1872 935 1935 Romano
957 1872 1076 1937 bellum
1104 1873 1189 1936 intu-

129 1977 214 2044 lisse.
261 1978 316 2061 qui
339 1978 409 2042 eius
431 1977 558 2042 consilii
571 1979 731 2061 principes
749 1977 895 2060 fuissent,
919 1977 1004 2061 quod
1026 1977 1216 2060 intellege-a

129 2089 215 2167 tent,
240 2088 391 2168 quantam
414 2083 624 2148 calamitatem
646 2084 766 2146 civitati
789 2083 981 2159 intulissent,
1007 2084 1041 2146 in
1063 2083 1188 2146 Britan-

129 2192 218 2255 niam
239 2189 424 2274 profugisse
447 2194 554 2273 petere
576 2208 642 2253 non
665 2189 768 2253 solum
791 2188 988 2270 Bellovacos,
1015 2188 1071 2251 sed
1093 2188 1215 2256 etiams

128 2316 188 2381 pro
214 2294 266 2361 his
290 2294 456 2377 Haeduos,
482 2301 520 2358 ut
546 2314 605 2358 sua
632 2295 800 2359 elementia
826 2314 863 2357 ac
890 2293 1132 2359 mansuetudine
1153 2294 1188 2356 in

129 2420 186 2468 eos
208 2406 327 2468 utatur.
361 2402 447 2485 quod
461 2403 489 2466 si
503 2402 626 2483 fecerit,
648 2400 856 2465 Haeduorum
871 2400 1089 2465 auctoritatem
1104 2400 1215 2485 apudc

130 2527 242 2575 omnes
257 2507 373 2591 Belgas
395 2506 672 2591 amplificaturum,
696 2525 833 2588 quorum
855 2506 983 2571 auxiliis
1006 2512 1099 2590 atque
1123 2509 1188 2592 opi-

130 2613 201 2699 bus,
222 2615 251 2679 si
273 2633 337 2697 qua
359 2613 443 2677 bella
456 2614 636 2694 inciderint,
659 2618 835 2678 sustentare
851 2616 1043 2678 consuerint
1077 2612 1241 2686 Caesar1s

130 2720 260 2785 honoris
273 2718 431 2784 Diviciaci
446 2724 542 2801 atque
557 2720 765 2784 Haeduorum
780 2739 875 2783 causa
890 2739 958 2786 sese
974 2740 1028 2786 ecs
1044 2723 1080 2784 in
1095 2721 1188 2785 fidem

129 2831 334 2911 recepturum
358 2830 389 2888 et
411 2818 672 2889 conservatumm
694 2826 789 2908 dixit,
817 2831 848 2890 et
876 2827 962 2909 quod
990 2832 1057 2892 erat
1079 2829 1189 2891 civitas

130 2951 246 3017 magna
267 2932 351 2995 inter
365 2931 479 3015 Belgas
495 2932 679 2995 auctoritate
695 2938 790 3013 atque
805 2932 971 2996 hominum
985 2933 1188 2998 multitudine

132 3036 323 3122 praestabat,
345 3034 400 3101 Dc
424 3036 549 3101 obsides
571 3039 721 3120 poposcit
767 3038 817 3102 his
833 3038 956 3102 traditis
975 3039 1213 3122 omnibusquea

133 3144 230 3207 armis
251 3162 294 3209 ex
309 3143 425 3227 oppido
441 3143 572 3207 conlatis
596 3143 633 3207 ab
658 3163 695 3208 eo
711 3143 780 3208 loco
802 3146 838 3207 in
860 3143 940 3209 fines
957 3144 1189 3208 Ambianorum

133 3250 292 3334 pervenit3
317 3250 373 3332 qui
395 3269 429 3314 se
453 3268 573 3331 suaque
597 3250 704 3312 onmia
726 3251 794 3314 sine
814 3269 903 3313 mora
925 3250 1122 3315 dediderunt

221 3353 342 3419 Eorum
368 3354 448 3420 fines
474 3354 584 3419 Nervii
612 3356 814 3439 attingebant.
857 3374 991 3438 quorum
1015 3355 1053 3419 de
1075 3361 1215 3423 naturas

133 3461 340 3543 moribusque
357 3459 471 3526 Caesar
492 3481 566 3526 cum
589 3466 766 3544 quaereret,
789 3462 835 3526 sic
850 3461 1038 3545 reperiebat:
1062 3463 1216 3529 nulluma

134 3585 205 3632 esse
226 3567 348 3631 aditum
371 3567 410 3630 ad
434 3585 488 3632 eos
510 3568 750 3647 mercatoribus3
775 3568 855 3631 nihil
876 3569 941 3652 pati
964 3569 1031 3632 vini
1052 3570 1189 3654 reliqua-

134 3692 270 3757 rumque
291 3690 399 3737 rerum
414 3672 454 3736 ad
476 3673 639 3737 luxuriam
654 3675 880 3756 pertinentium
894 3674 1016 3757 inferri,
1039 3676 1124 3759 quod
1139 3677 1189 3742 his

134 3777 231 3845 rebus
260 3779 498 3862 relanguescere
530 3781 653 3844 animos
682 3778 814 3864 [corum]
844 3786 875 3845 et
900 3782 1016 3846 remitti
1041 3784 1189 3851 virtutem

135 3886 368 3964 existimarent,
397 3904 465 3950 esse
488 3887 630 3951 homines
653 3886 736 3951 feros
757 3906 955 3971 magnaeque
977 3890 1116 3970 virtutis3
1141 3891 1218 3957 in-s
