2738 4424
155 212 219 277 164
549 229 654 285 anm
671 229 812 286 smirci

126 395 219 456 stote
247 387 393 454 abessent
417 388 501 455 bello
528 394 561 456 et
586 391 709 456 neutris
736 390 857 454 auxilia
881 390 1048 454 mitterent.
1094 405 1210 472 magno

155 494 263 559 dolore
289 494 415 559 Haedui
445 496 554 561 ierunt
584 513 618 561 se
645 496 782 561 deiectos
808 495 1000 580 principatu,
1033 498 1212 579 queruntur

154 600 298 664 fortunae
324 602 602 666 commutationem
628 605 661 667 et
688 598 828 667 Caesaris
855 602 890 665 in
917 619 951 666 se
978 600 1211 684 indulgentiam

155 707 335 789 requirunt,
366 725 471 790 neque
498 711 603 771 tamen
630 711 777 790 suscepte
808 706 891 771 bello
919 726 1014 771 suum
1041 705 1210 770 consilium

129 811 195 878 aab
217 812 351 895 reliquis
375 831 521 895 separare
548 811 674 876 audent.
718 813 813 877 inviti
840 831 982 877 summae
1009 812 1076 895 spei
1104 810 1212 874 adule-

156 922 280 983 scentes
302 917 500 1002 Eporedorix
522 922 554 981 et
574 916 796 982 Viridomarus
819 917 1070 1001 Vercingetorigi
1091 921 1211 1000 parent

103 1039 139 1093 et
157 1021 215 1088 Ille
247 1024 380 1107 imperat
405 1023 537 1105 reliquis
564 1022 744 1087 civitatibus
771 1023 897 1088 obsides
925 1023 1071 1106 diemque
1103 1023 1133 1086 ei
1163 1021 1212 1087 rei

157 1129 320 1193 constituit
340 1128 426 1192 diem
440 1127 530 1192 XVI.
580 1147 690 1193 omnes
713 1129 848 1211 equites,
869 1127 935 1193 XV
957 1128 1045 1192 milia
1066 1146 1211 1210 numere,

130 1234 301 1302 sceleriter
322 1233 492 1298 convenire
519 1233 620 1314 iubet3
652 1233 807 1318 peditatu,
835 1253 932 1317 quem
959 1238 1032 1298 ante
1057 1233 1212 1316 habuerit,

157 1357 191 1404 se
212 1340 278 1404 fore
300 1343 485 1403 contentum
508 1339 585 1403 dicit
606 1357 712 1422 neque
733 1339 893 1404 fortunam
915 1343 1142 1423 temptaturum
1156 1343 1213 1402 aut

158 1445 225 1509 acie
248 1443 483 1525 dimicaturam
516 1445 585 1528 sed,
614 1445 763 1527 quoniam
790 1444 931 1509 abundet
958 1446 1114 1527 equitatu,
1140 1463 1213 1528 per·

156 1549 247 1614 facile
272 1567 340 1614 esse
366 1548 453 1613 factu
479 1548 778 1614 fnrmentationibus
804 1548 1125 1633 pabulationibusque
1147 1548 1211 1614 Rc·

131 1673 268 1726 amanos
294 1653 472 1737 prohibere,
499 1673 602 1738 aequo
629 1656 722 1719 modo
750 1655 855 1718 animo
883 1675 941 1719 sua
966 1656 1027 1739 ipsi
1053 1656 1213 1719 frumenta

158 1764 360 1844 corrumpant
396 1759 601 1843 aedificiaque
640 1761 822 1844 incendant,
866 1781 928 1843 qua
964 1762 1012 1826 rei
1047 1760 1212 1824 familiaris

157 1867 279 1930 iactura
307 1875 495 1950 perpetuum
525 1867 693 1950 imperium
724 1866 964 1950 libertatemque
995 1884 1029 1930 se
1057 1866 1212 1949 consequi

131 1972 293 2045 arrideant.
331 1972 380 2036 his
403 1972 582 2036 constitutis
603 1971 699 2035 rebus
718 1970 861 2037 Haeduis
877 1970 1133 2056 Segusiavisque,
1156 1972 1212 2053 qui

158 2083 233 2142 sunt
258 2077 387 2142 finitimi
415 2078 608 2161 provinciae,
638 2076 673 2141 X
694 2077 783 2141 milia
809 2078 951 2163 peditum
977 2078 1124 2161 imperat;
1149 2076 1212 2140 huc

133 2183 247 2254 aaddit
272 2185 393 2267 equites
423 2181 539 2248 DCCC.
585 2183 635 2247 his
665 2183 805 2267 praeficit
835 2183 964 2248 tratrem
987 2182 1212 2267 Eporedorigis

133 2287 341 2373 abellumque
373 2290 490 2354 inferre
522 2287 748 2373 Allobrogibus
779 2288 874 2353 iubet
921 2288 1019 2353 altera
1051 2307 1092 2353 ex
1122 2294 1211 2371 parte

158 2392 293 2459 Gabalos
315 2397 539 2478 proximosque
562 2413 658 2478 pagos
673 2394 890 2458 Arvernorum
912 2394 947 2457 in
965 2392 1112 2473 Helvios,
1134 2394 1211 2459 item

157 2500 298 2564 Rutenos
325 2497 546 2583 Cadurcosque
578 2500 619 2563 ad
646 2499 727 2565 fines
753 2499 925 2564 Volcarum
951 2499 1211 2565 Arecomicorum

132 2605 394 2688 rdepcpulandos
424 2606 528 2669 mittit
577 2605 676 2668 nihilo
709 2606 815 2668 minus
851 2605 1053 2670 clandestinis
1089 2605 1211 2669 nuntiis

158 2709 431 2794 legationibusque
445 2710 633 2793 Allobrogas
655 2710 814 2794 sollicitat,
837 2730 974 2794 quorum
993 2715 1114 2775 mentes
1131 2729 1212 2775 ncn-

132 2816 236 2889 edum
258 2816 297 2880 ab
320 2816 480 2899 superiore
502 2814 585 2880 belle
610 2815 762 2881 resedisse
789 2815 943 2899 sperabat
987 2816 1102 2879 horum
1123 2817 1211 2900 prin·

159 2920 283 3007 cipibus
305 2921 468 3006 pecunias,
496 2921 616 2985 citimi
638 2925 743 2985 autem
765 2921 934 3005 imperium
960 2922 1056 2986 totius
1083 2923 1210 3006 provin·

159 3030 227 3095 ciac
249 3029 422 3113 pollicetur.

106 3152 142 3210 ss
246 3135 300 3199 Ad
314 3134 372 3198 hos
388 3152 497 3199 omnes
511 3151 604 3198 casus
620 3133 746 3216 provisa
760 3137 850 3198 erant
863 3133 1020 3216 praesidia
1034 3133 1211 3198 cohortium

161 3240 294 3304 duarum
312 3245 344 3306 et
359 3238 441 3322 XX,
463 3257 545 3323 quae
563 3257 605 3303 ex
626 3239 694 3323 ipsa
717 3243 825 3303 coacta
838 3239 999 3322 provincia
1022 3238 1061 3302 ab
1084 3237 1117 3301 L.
1133 3238 1211 3303 an-

132 3364 229 3426 asare
253 3345 357 3430 legato
389 3345 430 3408 ad
456 3364 566 3410 omnes
591 3350 696 3428 partes
727 3344 972 3428 opponebantur.
1016 3343 1127 3410 Helvii
1153 3364 1211 3409 sua

159 3456 271 3535 sponte
286 3471 360 3516 oum
370 3450 514 3515 finitimis
526 3451 645 3535 proelio
658 3451 819 3534 congressi
829 3450 991 3534 pelluntur
1002 3454 1033 3514 et
1045 3449 1209 3514 0.Vuleri0

159 3554 383 3641 Domnotauro,
399 3554 514 3620 Caburi
524 3556 600 3640 filie,
615 3557 756 3641 principe
771 3556 915 3638 civitatis,
931 3555 1210 3639 compluribusque

132 3663 229 3732 saliis
244 3663 415 3728 interfectis
434 3664 518 3726 intra
533 3663 647 3746 oppida
660 3680 830 3745 murosque
849 3661 1089 3744 compelluntur.
1123 3660 1211 3725 Allo-

160 3767 273 3852 brcges
299 3768 416 3833 crebris
444 3768 484 3831 ad
509 3767 699 3832 Rhodanum
726 3765 883 3850 dispositis
909 3766 1075 3850 praesidiis
1097 3786 1213 3850 magna

133 3893 235 3943 rcum
257 3893 333 3938 cura
355 3879 386 3938 et
408 3873 570 3957 diligentia
592 3891 666 3938 suos
688 3871 769 3937 fines
791 3877 927 3936 tuentur.
973 3870 1098 3958 Caesar,
1126 3871 1212 3955 quod
