2738 4424
449 265 556 321 HBER
573 265 647 322 VIIL
666 263 742 322 CAP.
760 265 882 322 20-31.
1127 249 1189 314 193

135 427 291 511 superatis
321 427 480 511 hostibus,
512 448 586 492 cum
617 428 770 511 subsequi
800 428 942 512 legiones
967 427 1192 510 meminissent,

135 537 168 596 et
187 533 310 617 pudore
332 534 466 598 cedendi
489 539 519 597 et
541 535 712 618 cupiditate
735 553 791 618 per
812 553 846 599 se
868 532 1057 598 conficiendi
1078 534 1190 617 proelii

134 637 303 704 fortissime
345 646 454 704 contra
494 640 615 724 pedites
656 641 862 724 proeliantur,
902 640 1070 721 hostesque
1110 639 1217 707 nihils

134 745 271 828 amplius
293 746 457 830 copiarum
479 765 679 810 accessurum
696 747 871 829 credentes,
894 751 931 809 ut
951 745 1053 830 pridie
1074 763 1190 829 cogno·

133 855 257 935 verant,
290 851 418 916 delendi
448 852 609 934 equitatus
635 853 736 916 nostri
762 853 848 916 nacti
879 852 1075 916 occasionem
1104 851 1189 916 vide

133 954 257 1021 bantur.
295 955 377 1021 Cum
399 957 597 1040 aliquamdiu
619 977 743 1022 summa
760 959 963 1022 contentione
977 957 1189 1040 dimicaretur,
1206 973 1243 1031 aa

131 1059 317 1127 Dumnacus
353 1062 486 1128 instruit
525 1064 637 1148 aciem,
680 1082 762 1145 quae
801 1065 868 1128 suis
910 1069 993 1128 esset
1029 1063 1189 1145 equitibus

131 1168 167 1233 in
194 1169 297 1232 vicem
322 1169 487 1253 praesidio.
534 1174 602 1233 tum
629 1174 757 1253 repente
790 1170 948 1234 confertae
979 1170 1121 1253 legiones
1153 1169 1188 1234 in

131 1279 337 1358 conspectum
358 1275 498 1340 hostium
520 1277 661 1340 veniunt.
701 1275 817 1358 quibus
834 1276 911 1340 visis
932 1275 1095 1359 perculsae
1120 1277 1215 1343 bar-a

130 1377 282 1444 berorum
312 1385 435 1446 turmae
467 1400 504 1444 ac
530 1382 696 1464 perterrita
726 1382 811 1446 acies
839 1382 977 1446 hostium
1007 1381 1187 1464 perturbato

129 1484 429 1570 impedimentorum
451 1488 578 1570 agmine
600 1506 715 1571 magno
739 1487 875 1552 clamore
891 1488 1099 1569 discursuque
1120 1506 1188 1569 pas·

131 1591 193 1667 sim
214 1591 308 1676 fugae
330 1611 364 1656 se
387 1593 545 1656 mandant.
583 1598 615 1656 at
636 1594 736 1656 nostri
760 1594 895 1676 equites,
919 1593 975 1675 qui
998 1594 1092 1677 paulo
1115 1599 1214 1662 antee

129 1715 205 1761 cum
223 1698 442 1762 resistentibus
464 1699 631 1763 fortissime
654 1698 876 1782 conflixerant,
899 1699 1018 1763 laetitia
1038 1701 1188 1765 victoriae

130 1802 205 1869 elati
226 1823 342 1888 magno
365 1803 508 1887 undique
531 1805 667 1868 clamore
695 1805 818 1869 sublato
846 1805 1031 1868 cedentibus
1053 1806 1187 1869 circum·

128 1908 205 1993 fusi,
234 1914 388 1991 quantum
412 1929 567 1992 equorum
589 1911 674 1974 vires
701 1911 742 1972 ad
764 1910 1019 1994 persequendum
1042 1911 1186 1975 dextrae·

130 2033 193 2098 que
216 2015 256 2078 ad
279 2015 474 2080 caedendum
490 2015 609 2098 valent,
633 2020 756 2080 tantum
778 2034 816 2080 eo
839 2016 959 2099 proelio
983 2015 1184 2079 interficiunt

128 2120 237 2204 itaque
265 2122 401 2206 amplius
427 2121 556 2185 milibus
583 2121 650 2185 XII
679 2126 735 2185 aut
761 2127 953 2185 armatorum
985 2129 1039 2185 aut
1067 2142 1212 2204 eorum,a

129 2227 188 2309 qui
209 2227 322 2292 timore
345 2247 432 2292 arma
454 2228 663 2312 proiecerant,
691 2228 865 2292 interiectis
892 2227 994 2292 omnis
1017 2228 1185 2292 multitudo

129 2333 252 2419 capitur
273 2334 582 2417 impedimentorum.

227 2437 298 2514 Qua
329 2459 371 2504 ex
401 2441 476 2524 iuga
507 2459 580 2503 cum
612 2444 771 2503 constaret
800 2437 988 2524 Drappetem
1020 2438 1185 2522 Senonem,
1201 2457 1240 2514 eo

128 2545 200 2628 qui,
226 2551 263 2609 ut
288 2545 429 2630 primum
456 2546 612 2610 defecerat
644 2545 758 2629 Gallia,
785 2546 925 2610 collectis
954 2546 1093 2629 undique
1119 2567 1185 2630 per-

129 2650 204 2715 ditis
235 2651 432 2735 hominibus,
464 2653 565 2717 servis
597 2652 637 2714 ad
667 2651 842 2716 libertatem
869 2652 1002 2735 vocatis,
1034 2654 1185 2718 exulibus

130 2757 273 2820 omnium
291 2758 454 2822 civitatum
473 2758 592 2840 ascitis,
616 2758 750 2841 receptis
768 2758 944 2822 latronibus
962 2759 1185 2843 impedimenta

129 2867 161 2928 et
183 2868 377 2928 commeatus
399 2864 615 2928 Romanorum
637 2865 857 2948 interceperat,
885 2884 949 2927 nou
972 2866 1107 2948 amplius
1132 2869 1185 2928 bc·

128 2969 252 3033 minum
270 2968 394 3033 duobus
412 2970 542 3033 milibus
561 2989 602 3033 ex
620 2971 695 3054 iuga
713 2971 851 3034 collectis
866 2971 1061 3053 provinciam
1081 2978 1184 3052 petere

128 3093 257 3156 unaque
285 3075 454 3138 consilium
481 3095 554 3138 cum
581 3094 618 3139 ec
645 3075 827 3139 Lucterium
852 3074 1029 3138 Cadurcum
1056 3077 1184 3160 cepisse,

130 3199 226 3262 quem
259 3182 422 3264 superiore
457 3182 682 3245 commentario
719 3182 821 3264 prima
856 3180 1030 3244 defectione
1065 3181 1184 3247 Calliae

128 3286 231 3351 facere
267 3286 303 3350 in
337 3287 534 3370 provinciam
568 3285 706 3350 voluisse
742 3287 896 3369 impetum
932 3290 1093 3370 cognitum
1129 3295 1184 3371 est,

129 3392 283 3458 Caninius
313 3393 436 3476 legatus
468 3412 541 3455 cum
573 3392 696 3455 duabus
722 3392 900 3476 legionibus
932 3394 970 3456 ad
999 3413 1053 3457 eos
1082 3413 1211 3477 perse-a

129 3499 274 3583 quendos
301 3499 475 3580 contendit,
499 3517 540 3563 ne
569 3499 755 3562 detrimento
783 3505 837 3562 aut
864 3501 976 3563 timore
1003 3504 1183 3583 provinciae

127 3624 244 3688 magna
265 3604 394 3668 infamia
416 3605 611 3688 perditorum
633 3604 799 3666 hominurn
821 3605 995 3668 latrociniis
1014 3617 1182 3688 raperetur.

129 3710 162 3776 C.
186 3710 303 3774 Fabius
334 3730 407 3774 cum
439 3712 561 3794 reliquo
589 3709 732 3774 exercitu
759 3710 793 3772 in
821 3709 974 3774 Carnutes
1002 3723 1184 3793 ceterasque
1201 3729 1241 3784 31,

128 3815 339 3902 proficiscitur
357 3816 515 3899 civitates,
534 3835 669 3899 quarum
688 3834 725 3878 ec
742 3817 874 3900 proelio,
894 3816 979 3898 quod
997 3836 1069 3880 cum
1086 3817 1184 3880 llum·

128 3942 207 3987 naec
231 3923 359 4003 iecerat,
386 3922 491 4005 copias
514 3940 583 3986 esse
607 3921 723 3986 occisam
746 3922 873 3986 sciebat
921 3942 986 3986 non
1013 3924 1099 3987 enim
1126 3923 1211 3990 du·a

171 4041 374 4097 emmaum.
992 4045 1025 4100 13
