2738 4424
210 250 272 314 142
603 267 868 324 emmcirmor

182 432 241 494 oet
262 427 327 491 illic
349 427 447 494 irrisae
469 429 594 514 utilem,
618 450 680 514 quo
704 432 769 496 sint
782 431 921 515 profecti.
967 449 1123 495 summam
1140 427 1267 512 imperii

208 551 243 598 se
270 534 413 599 consulto
440 536 523 600 nulli
550 536 763 601 discedentem
790 536 969 620 tradidisse,
996 555 1037 601 ne
1064 537 1094 601 is
1119 534 1268 600 multitu·

209 639 294 704 dinis
316 641 420 706 studio
443 641 485 706 ad
507 643 723 706 dimicandum
744 643 971 727 impelleretur;
995 643 1049 706 cui
1069 642 1118 707 rei
1139 645 1269 726 propter

208 747 307 810 animi
328 747 493 812 mollitiem
516 748 642 813 studere
666 768 776 814 omues
798 750 934 833 videret,
962 747 1048 831 quod
1075 747 1193 811 diutius
1221 746 1269 809 la·

182 851 318 917 eborem
339 853 422 918 ferre
444 873 510 918 nou
532 858 668 938 possent.
713 854 849 918 Romani
875 854 904 920 si
926 873 1002 919 casu
1028 852 1269 934 intervenerint,

208 956 366 1040 fortunae,
394 960 422 1023 si
444 959 578 1024 alicuius
600 960 718 1025 indicio
744 961 861 1044 vocati,
888 959 964 1024 huic
990 959 1170 1023 habendam
1195 976 1269 1042 gra-

208 1064 297 1148 tiam,
321 1064 407 1147 quod
429 1070 461 1130 et
481 1067 672 1149 paucitatem
694 1084 804 1130 eorum
827 1083 869 1129 ex
883 1065 953 1130 loeo
969 1066 1129 1148 superiore
1150 1082 1269 1147 cogno-

208 1188 296 1235 scere
323 1175 356 1235 et
376 1172 524 1235 virmtem
553 1171 713 1255 despicere
738 1173 912 1256 potuerint,
939 1172 996 1255 qui
1024 1171 1172 1235 dimicare
1199 1187 1269 1234 non

182 1277 279 1343 rausi
300 1277 434 1360 turpiter
455 1296 489 1341 se
510 1279 545 1341 iu
568 1283 669 1342 castra
691 1279 877 1362 receperint
915 1278 1086 1361 imperium
1100 1296 1134 1342 so
1156 1274 1269 1341 aGae-

209 1401 278 1448 sare
310 1401 366 1466 per
400 1383 610 1466 proditionem
643 1383 768 1448 nullum
799 1384 993 1465 desiderare,
1030 1383 1115 1466 quod
1150 1382 1270 1447 habere

209 1489 341 1552 victoria
362 1493 479 1572 posset,
503 1508 583 1572 quae
606 1490 671 1553 iam
695 1496 777 1555 esset
798 1490 859 1555 sibi
883 1495 978 1572 atque
997 1489 1145 1554 omnibus
1169 1489 1270 1555 Gallis

210 1595 386 1678 explorata3
410 1595 489 1676 quin
512 1596 607 1659 etiam
629 1596 708 1679 ipsis
730 1597 901 1678 remittere,
925 1597 953 1660 si
976 1596 1037 1660 sibi
1052 1597 1153 1679 magis
1168 1595 1270 1659 hono-

209 1719 277 1766 rem
308 1700 447 1765 tribuere
480 1721 575 1784 quam
609 1699 648 1764 ab
680 1721 714 1766 se
749 1702 882 1766 salutem
915 1702 1058 1785 accipere
1090 1702 1270 1766 videantur.

183 1807 301 1872 a‘haee
328 1812 365 1871 ut
391 1807 604 1892 intellegatis',
631 1807 750 1891 inquit,
776 1809 809 1871 ‘a
833 1827 885 1872 me
912 1809 1033 1873 sincere
1060 1808 1270 1892 pronuntiari,

184 1913 316 1978 aaudite
338 1914 498 1978 Romanos
520 1913 656 1978 milites!
700 1914 847 1998 producit
869 1933 990 1997 servos,
1014 1933 1094 1997 quos
1115 1914 1151 1977 in
1167 1912 1270 1997 pabu-

210 2019 326 2085 latione
348 2020 458 2104 paucis
481 2026 554 2084 ante
578 2020 691 2085 diebus
714 2024 881 2103 exceperat
907 2019 1042 2085 etfama
1064 2019 1270 2102 vinculisque

169 2145 195 2188 ro
209 2127 454 2191 excruciaverat.
499 2127 532 2190 hi
554 2128 619 2190 iam
641 2131 714 2191 ante
738 2126 855 2209 edocti,
883 2145 963 2210 quae
985 2125 1169 2210 interrogati
1195 2145 1270 2210 pro-

208 2232 404 2316 nuntiarent,
426 2233 543 2298 milites
566 2251 600 2297 se
622 2251 691 2297 esse
714 2233 904 2316 legionarios
927 2232 1050 2311 dicunt;
1074 2231 1157 2296 fame
1172 2235 1270 2315 atque

208 2338 315 2422 inopia
336 2338 489 2403 adductos
511 2339 592 2402 clam
616 2357 658 2402 ex
681 2341 792 2403 castris
815 2339 933 2422 exisse,
960 2338 988 2403 si
1015 2336 1093 2420 quid
1114 2336 1271 2402 frumenti

168 2462 195 2505 11
209 2449 264 2507 aut
284 2446 407 2527 pecoris
430 2446 465 2508 in
487 2445 571 2528 agris
592 2444 732 2528 reperire
754 2450 896 2529 possent3
920 2445 1017 2509 simili
1033 2462 1159 2509 omnem
1174 2462 1269 2509 exer·

209 2549 307 2613 citum
339 2550 447 2633 inopia
472 2551 586 2634 premi,
616 2568 677 2615 nec
703 2551 768 2614 iam
794 2552 879 2614 vires
906 2550 1050 2615 sufficere
1078 2550 1269 2631 cuiusquam

208 2674 268 2719 neo
290 2656 371 2719 ferre
394 2656 498 2738 operis
525 2655 665 2719 laborem
691 2675 797 2738 posse3
826 2657 932 2739 itaque
959 2657 1104 2720 statuisse
1131 2656 1268 2739 impera

209 2765 321 2843 torem,
344 2761 372 2824 si
394 2761 475 2824 nihil
496 2762 532 2823 in
555 2763 787 2845 oppugnatione
811 2762 919 2846 oppidi
941 2761 1136 2846 profecisset,
1159 2761 1267 2826 triduo

169 2867 385 2932 mexercitum
400 2866 564 2932 deducere.
601 2867 716 2950 ‘haec',
731 2868 847 2951 inquit,
869 2867 901 2932 ‘a
914 2867 980 2932 me’
996 2865 1266 2952 [Vercingetorix]

209 2972 376 3039 ‘beneficia
409 2973 544 3057 habetis,
581 2993 676 3056 quem
709 2974 896 3057 proditionis
932 2973 1136 3056 insimulatis,
1172 2974 1267 3038 cuius

210 3099 305 3165 opera
330 3080 401 3144 sine
428 3084 532 3145 vestro
564 3081 719 3164 sangiune
750 3084 873 3144 tantum
905 3081 1081 3145 exercitum
1112 3080 1267 3144 victorem

208 3187 291 3252 fame
312 3204 412 3270 paene
435 3191 658 3270 consumptum
679 3185 807 3267 videtis,
833 3204 928 3269 quem
943 3187 1076 3269 turpiter
1091 3203 1125 3250 se
1141 3203 1183 3250 ex
1205 3185 1267 3250 hac

209 3293 283 3377 iuga
304 3292 508 3378 recipientem
525 3311 567 3356 ne
586 3312 650 3376 qua
668 3292 777 3356 civitas
796 3293 863 3356 suis
877 3291 996 3356 finibus
1011 3292 1155 3375 recipiat,
1178 3309 1196 3354 a
1211 3309 1265 3356 me

156 3409 192 3465 21
209 3399 372 3482 provisum
394 3397 459 3463 est'
506 3397 689 3462 Conclamat
711 3398 814 3462 omnis
835 3397 1006 3461 multitudo
1034 3401 1066 3462 et
1092 3415 1149 3461 suo
1176 3413 1266 3461 more

210 3506 304 3569 armis
327 3508 506 3587 concrepat,
529 3505 615 3586 quod
637 3503 740 3569 faeere
755 3505 790 3567 in
805 3522 842 3568 eo
858 3507 1064 3587 consuerunt,
1087 3503 1179 3567 euius
1194 3519 1266 3566 ora·

209 3611 326 3675 tionem
349 3610 535 3693 adprobant:
560 3629 718 3674 summum
741 3629 810 3675 esse
826 3609 1119 3693 Vercingetorigem
1141 3608 1265 3691 ducem,

209 3735 270 3782 nec
292 3717 332 3780 de
356 3716 424 3779 eius
445 3715 509 3781 fide
532 3716 756 3796 dubitandum,
776 3734 838 3780 neo
859 3715 978 3779 maiore
1001 3715 1123 3780 ratione
1144 3713 1266 3777 bellum

183 3845 197 3888 a
211 3821 423 3886 administrari
444 3841 544 3905 posse.
582 3825 737 3903 statuunt,
759 3824 795 3884 ut
813 3819 848 3884 X
861 3821 950 3884 milia
965 3821 1131 3885 hominum
1146 3819 1266 3884 delecta

183 3946 254 3995 aex
284 3927 431 3992 omnibus
464 3928 564 4012 copiis
594 3927 630 3991 in
657 3925 808 4011 oppidum
835 3927 1072 4009 submittantur,
1102 3943 1163 3990 nee
1189 3925 1266 3990 solis
