2738 4424
458 210 565 265 niara
583 211 604 266 1.
624 210 699 266 err.
718 182 839 268 38440.
1132 197 1173 261 23

119 370 194 435 ferri
224 372 381 456 iussisset,
413 391 480 436 non
509 372 577 436 fore
608 372 691 437 dieto
727 373 891 438 audientes
923 374 1037 438 milites
1068 391 1174 457 neque

120 481 247 560 propter
269 477 414 542 timorem
443 478 535 562 signa
554 479 681 542 laturos.
725 478 815 543 Haec
842 498 915 542 oum
938 480 1174 558 animadvertis·
1192 489 1227 544 to

120 587 179 668 set,
202 588 373 648 eonvoeato
396 585 527 648 consilio
550 585 756 666 omniumque
783 585 933 648 ordinum
954 585 995 649 ad
1017 585 1050 649 id
1072 586 1175 649 oonsi-

120 690 200 753 lium
231 689 380 754 adhibitis
411 691 650 755 centurionibus
681 691 883 755 vehementer
917 710 971 756 eos
1001 692 1173 755 incusavit:

120 796 270 880 primum,
294 796 391 878 quod,
414 803 470 860 aut
488 815 584 879 quam
602 796 636 860 in
653 801 775 880 partem
797 801 852 862 aut
875 816 938 879 quo
961 798 1093 861 oonsilio
1117 797 1174 861 du-

121 906 278 986 cerentur,
321 902 382 966 sibi
424 901 641 985 quaerendum
684 906 738 965 aut
775 903 977 986 cogitandum
1018 907 1174 986 putarent

120 1009 314 1072 Ariovistum
339 1026 372 1071 se
395 1008 524 1071 consule
547 1008 750 1090 cupidissime
776 1006 893 1092 populi
907 1008 1041 1072 Romani
1068 1010 1201 1077 sinici-a

121 1115 197 1177 tiam
220 1113 389 1197 adpetisse3
414 1133 471 1177 eur
493 1113 579 1177 hune
601 1119 664 1176 tam
688 1119 805 1179 temere
821 1115 991 1196 quisquam
1013 1114 1051 1178 ab
1070 1114 1173 1180 officio

121 1220 336 1284 diseesernum
367 1219 543 1284 iudicaret?
575 1220 637 1284 sibi
669 1221 799 1303 quidem
829 1212 1011 1303 persuaderi
1039 1222 1200 1305 segnities

121 1328 188 1391 suis
202 1326 367 1410 postidatis
388 1331 482 1408 atque
502 1328 658 1408 aequitate
679 1327 904 1390 conditionum
923 1333 1086 1410 perspecta
1101 1347 1174 1392 eum

120 1452 225 1515 neque
248 1453 339 1497 suam
361 1440 465 1514 neque
487 1433 597 1516 populi
615 1431 750 1497 Romani
772 1433 903 1517 gratiam
926 1433 1173 1516 repudiaturum.

120 1539 206 1621 qued
229 1540 256 1602 si
277 1538 382 1602 furore
405 1546 499 1620 atque
521 1539 658 1602 amentia
683 1538 840 1621 impulsus
862 1538 982 1602 bellum
1008 1539 1198 1622 intulissetr

121 1645 198 1728 quid
219 1645 347 1709 tandem
368 1646 573 1709 vererentur?
611 1649 667 1708 aut
693 1664 751 1709 eur
774 1645 812 1709 de
840 1665 898 1709 sua
920 1647 1036 1710 virtute
1058 1654 1113 1709 aut
1136 1647 1174 1712 de

120 1753 220 1835 ipsius
247 1751 411 1834 diligentia
437 1750 658 1835 desperarent?
684 1751 803 1814 factum
832 1752 900 1814 eius
928 1751 1025 1814 hostis
1052 1753 1200 1834 pericu-s

119 1857 188 1921 lum
209 1861 335 1940 patrum
356 1861 535 1920 nostrorum
549 1856 710 1938 memoria,
732 1876 805 1921 eum
822 1856 957 1920 Cimbris
980 1863 1012 1921 et
1024 1857 1174 1922 Teutonis

119 1983 138 2026 a
161 1962 194 2027 0.
217 1962 316 2026 Mario
343 1962 443 2046 pulsis
469 1981 537 2026 non
562 1964 717 2026 minorem
743 1962 871 2027 laudem
898 1964 1055 2027 exereitus
1079 1983 1174 2045 quam

119 2070 186 2153 ipse
209 2070 379 2151 imperator
400 2069 532 2132 meritus
554 2068 734 2148 videbatur;
757 2068 875 2132 factum
898 2071 993 2132 etiam
1015 2089 1118 2153 nuper
1140 2071 1174 2134 in

119 2175 212 2239 Italia
233 2175 342 2239 servili
365 2175 517 2256 tumultu,
545 2193 624 2257 quos
646 2179 752 2238 tamen
779 2174 899 2257 aliquid
923 2194 1000 2238 usus
1022 2179 1059 2238 ao
1081 2176 1174 2239 disci·

118 2282 218 2365 plina,
250 2300 346 2364 quani
373 2301 392 2345 a
418 2279 510 2345 nobis
537 2281 742 2364 accepissent,
774 2279 982 2344 sublevarent
1037 2301 1079 2346 ex
1110 2302 1200 2365 quoe

118 2387 253 2451 iudicari
282 2406 388 2472 posse,
421 2392 575 2471 quantum
605 2385 735 2451 haberet
764 2387 800 2450 in
826 2405 859 2450 se
887 2387 963 2449 boni
990 2389 1174 2470 constantia,

118 2499 284 2577 propterea
295 2493 389 2576 quod,
405 2512 484 2577 quos
500 2493 698 2576 aliquamdiu
713 2494 851 2557 inermes
866 2495 935 2558 sine
947 2513 1042 2558 eausa
1053 2495 1175 2558 timuis·

119 2605 200 2683 sent,
222 2599 280 2663 hos
302 2604 410 2682 postea
432 2605 567 2663 armatos
590 2618 627 2662 ae
649 2599 785 2663 victores
800 2607 1007 2681 superassent
1036 2601 1199 2683 denique?

119 2707 176 2769 hos
192 2725 260 2771 esse
285 2704 413 2770 eosdem
434 2704 619 2787 Germanos,
640 2703 832 2788 quibuscum
856 2724 1082 2789 saepenumero
1099 2707 1174 2770 Hel·

119 2813 196 2877 vetii
211 2813 372 2895 congressi
386 2830 451 2874 non
467 2811 571 2874 solum
585 2810 621 2874 in
636 2811 710 2894 suia,
732 2811 789 2877 sed
805 2812 898 2876 etiam
913 2813 947 2875 in
963 2812 1089 2876 illorum
1104 2811 1174 2875 fini·

120 2917 180 2981 bus
194 2918 381 3002 plerumque
392 2918 577 3001 superarint,
590 2917 647 3000 qui
662 2922 766 2983 tamen
782 2938 873 3002 pares
885 2937 952 2982 esse
964 2922 1072 2985 nostro
1084 2936 1174 2982 exer·

121 3025 199 3088 citui
222 3043 288 3087 non
309 3024 477 3107 potuerint.
522 3024 550 3088 si
573 3043 653 3107 quos
676 3023 842 3088 adversum
868 3024 1024 3107 proelium
1047 3028 1079 3088 et
1100 3024 1201 3106 fugas

122 3130 284 3194 Gallorum
306 3134 530 3213 commoveret,
556 3129 627 3212 hos,
650 3131 677 3193 si
700 3135 898 3212 quaererent,
925 3131 1061 3212 reperire
1085 3148 1175 3212 posse

123 3235 328 3299 diuturnitate
351 3234 427 3300 belli
449 3235 625 3318 defatigatis
645 3234 742 3300 Gallis
764 3236 975 3315 Ariovistum,
998 3254 1071 3300 oum
1093 3234 1175 3299 mul-

122 3347 171 3406 tos
193 3359 318 3406 menses
345 3341 455 3405 eastris
482 3360 515 3404 se
539 3361 575 3405 ae
606 3340 774 3424 paludibus
806 3342 958 3406 tenuisset
988 3360 1093 3425 neque
1124 3343 1175 3406 sui

121 3451 307 3531 potestatem
327 3447 464 3529 fecisset,
492 3445 693 3529 desperantes
720 3447 784 3510 iam
810 3446 849 3510 de
875 3466 981 3530 pugna
1004 3454 1035 3512 et
1057 3447 1175 3532 disper-

123 3573 175 3618 sos
201 3550 306 3616 subito
335 3551 481 3615 adortum
506 3552 607 3635 magis
633 3552 755 3617 ratione
781 3557 813 3616 et
839 3553 972 3616 eonsffio
996 3572 1092 3635 quam
1114 3555 1176 3618 vir·

124 3664 191 3724 tute
213 3658 333 3723 vieisse.
380 3657 432 3721 eui
457 3656 574 3721 rationi
601 3661 711 3722 eontra
737 3658 882 3722 homines
909 3657 1059 3724 barbaros
1081 3668 1203 3744 atquae

123 3765 285 3848 imperitos
315 3763 405 3828 loeus
435 3763 560 3845 fuisset,
591 3763 650 3826 bac
680 3782 722 3829 ne
753 3764 859 3848 ipsum
891 3764 1020 3848 quidem
1051 3784 1176 3850 sperare

124 3873 247 3935 nostros
273 3869 430 3935 exereitus
457 3869 527 3952 eapi
552 3888 652 3953 posse.
698 3870 754 3953 qui
780 3889 875 3934 suum
899 3857 1047 3935 timorem
1069 3871 1107 3937 in
1113 3854 1300 4112 ’Ἢ
