2738 4424
161 227 202 289 34
556 243 660 297 BELLI
678 243 819 299 GALLICI

161 402 268 484 quitus
300 402 460 468 traductos
491 411 618 488 propter
649 404 711 469 loci
741 405 929 469 fertilitatem
962 403 1008 468 ibi
1035 404 1219 470 consedisse

133 519 148 564 a
161 505 344 591 Gallosque,
368 511 423 590 qui
439 528 476 574 ea
490 509 561 573 loca
574 509 762 594 incolerent,
783 510 951 594 expulisse,
974 509 1123 593 solosque
1138 529 1219 593 esse,

161 613 216 696 qni
238 619 361 696 patrum
384 622 563 680 nostrorum
588 618 740 680 memoria
766 617 853 680 omni
877 615 979 680 Galba
1000 619 1116 680 vexata
1136 614 1218 680 Teu·

160 723 251 783 tonos
279 718 486 803 Cimbrosque
511 721 596 784 intra
622 741 696 784 suos
723 721 803 786 fines
829 722 955 805 ingredi
981 721 1216 806 prohibuerint;

132 838 225 907 aquo
246 844 289 889 ex
309 845 344 890 re
366 824 447 907 fieri,
475 827 522 890 uti
545 845 654 891 earum
680 847 787 892 rerum
809 828 963 892 memoria
984 846 1133 910 magnam
1155 827 1218 891 sibi
1301 832 1303 837 ’

161 932 378 996 auctoritatem
400 950 595 1016 magnosque
618 933 748 1014 spiritus
774 935 809 997 in
836 952 871 998 re
893 933 1024 997 militari
1047 939 1216 997 sumerent.

133 1036 200 1100 ade
222 1055 356 1102 numero
379 1056 489 1102 eorum
513 1037 621 1100 omnia
644 1058 677 1102 se
701 1038 817 1104 habere
840 1039 1004 1123 explorata
1017 1038 1110 1104 Remi
1133 1026 1218 1102 dice-

160 1141 245 1224 bant,
260 1148 425 1226 propterea
440 1144 525 1225 quod
538 1144 827 1226 propinquitatibus
845 1144 1126 1225 adfinitatibusque
1142 1163 1218 1208 con-

159 1249 273 1331 iuncti,
302 1253 451 1329 quantam
475 1249 609 1331 quisque
636 1250 872 1314 multitudinem
896 1251 931 1313 in
954 1269 1117 1314 commum
1143 1249 1217 1313 Bel-

161 1373 272 1437 garum
300 1354 434 1418 concilio
467 1354 507 1417 ad
533 1354 566 1417 id
590 1354 708 1418 bellum
734 1356 893 1439 pollicitus
920 1356 974 1439 sit,
1002 1356 1216 1439 cognoverint.

133 1471 148 1516 e
160 1458 333 1543 plurimum
355 1459 438 1522 inter
461 1479 514 1524 eos
536 1459 722 1525 Bellovacos
745 1467 777 1525 et
791 1462 907 1525 virttde
931 1467 963 1525 et
985 1462 1170 1525 anctoritate
1186 1466 1218 1525 et

161 1565 325 1628 hominurn
347 1584 481 1629 numero
496 1566 615 1630 valere:
640 1565 697 1629 hos
715 1584 807 1648 posse
823 1565 979 1648 conficere
995 1572 1115 1630 armata
1129 1567 1218 1630 milia

161 1675 302 1754 centurn,
324 1670 482 1754 pollicitos
497 1691 538 1735 ex
554 1690 591 1736 eo
607 1690 739 1735 numero
761 1672 861 1736 electa
879 1673 968 1736 milia
982 1672 1042 1738 LX
1057 1673 1217 1754 totiusque

135 1777 238 1842 sbelli
260 1777 429 1860 imperium
451 1777 513 1840 sibi
536 1778 702 1860 postulare.
734 1777 919 1843 Suessiones
942 1799 1017 1845 suos
1037 1798 1106 1845 esse
1120 1778 1218 1843 finiti-

135 1896 243 1963 umos3
260 1881 341 1947 fines
356 1883 525 1947 latissimos
540 1884 812 1967 feracissimosque
828 1904 920 1968 agros
935 1886 1104 1969 possidere.
1132 1884 1217 1969 apud

162 2008 215 2053 eos
238 1989 335 2053 fuisse
358 2008 464 2073 regem
479 1995 588 2053 nostra
608 1991 703 2054 etiam
718 1992 870 2055 memoria
884 1990 1096 2075 Diviciacum,
1119 1993 1217 2056 totius

162 2095 284 2160 Galliae
307 2096 568 2178 potentissimum,
593 2097 648 2176 qui
671 2116 745 2160 cum
767 2115 901 2180 magnae
921 2098 1018 2180 partis
1033 2098 1146 2161 harum
1167 2116 1217 2161 re-

161 2203 304 2285 gionum,
328 2207 395 2264 tum
418 2202 512 2265 etiam
527 2202 711 2266 Britanniae
734 2203 901 2285 imperium
921 2203 1105 2283 obtinuerit;
1128 2221 1217 2267 nune

162 2326 230 2372 esse
257 2326 364 2389 regern
392 2306 538 2371 Galbam:
567 2308 607 2370 ad
634 2308 720 2371 hunc
746 2314 873 2391 propter
898 2309 1052 2372 iustitiam
1079 2308 1217 2391 pruden-

161 2414 301 2494 tiamque
325 2432 480 2476 summam
507 2414 604 2477 totius
632 2413 707 2477 belli
734 2414 876 2477 omnium
898 2414 1060 2479 voluntate
1088 2414 1216 2495 deferri3

161 2518 275 2603 oppida
310 2517 424 2582 habere
455 2537 589 2582 numero
621 2518 700 2601 XII,
731 2520 874 2602 polliceri
904 2520 993 2582 milia
1025 2524 1144 2583 armata
1175 2519 1215 2600 L3

133 2625 294 2689 atotidem
316 2623 463 2706 Nervios,
492 2626 547 2705 qui
573 2626 712 2688 maxime
739 2625 798 2688 feri
824 2627 908 2689 inter
935 2627 1019 2710 ipsos
1042 2625 1218 2689 habeantur

134 2730 405 2814 alongissimeque
442 2730 559 2810 absint3
596 2729 660 2794 XV
696 2731 784 2794 milia
819 2733 1000 2814 AtrebateS,
1041 2731 1217 2795 Ambianos

160 2834 195 2900 X
216 2837 316 2917 milia,
344 2836 484 2900 Morinos
506 2834 604 2899 XXV
627 2837 727 2919 milia,
755 2835 917 2920 Menapios
939 2838 1004 2902 VH
1030 2838 1131 2918 milia,
1159 2836 1216 2901 Ca-

161 2942 241 3007 letos
276 2941 311 3005 X
345 2944 445 3026 milia,
486 2941 685 3006 Veliocasses
728 2948 759 3006 et
799 2943 1034 3007 Viromanduos
1077 2943 1216 3024 totidem,

126 3049 337 3112 nAtuatucos
362 3047 493 3112 XVHlI
523 3048 625 3127 milia3
664 3046 857 3129 Condrusos‚
888 3049 1066 3132 Eburones,
1105 3046 1216 3113 (laero-

162 3173 226 3238 sos,
247 3144 441 3236 ¹Caemanos,
479 3153 534 3234 qui
565 3171 629 3216 uno
666 3154 793 3217 nomine
826 3153 974 3217 Germani
1011 3155 1217 3239 appellantur,

163 3260 309 3324 arbitrari
331 3259 371 3322 ad
392 3256 453 3321 XL
473 3259 568 3323 milia

127 3370 146 3428 t
252 3363 364 3428 (laesar
385 3365 501 3428 Remos
523 3366 703 3429 cohortatus
725 3365 959 3446 liberaliterque
983 3368 1122 3430 oratione
1146 3386 1217 3448 pro-

163 3476 291 3538 secutus
318 3490 445 3535 ornnem
471 3476 615 3536 senatum
642 3471 683 3535 ad
709 3490 743 3536 se
771 3472 942 3535 convenire
973 3473 1216 3554 principumque

164 3578 280 3642 liberos
304 3577 428 3641 obsides
456 3577 496 3640 ad
522 3596 556 3640 se
584 3578 699 3642 adduci
725 3578 824 3640 iussit
870 3595 951 3657 quae
975 3579 1081 3639 omnia
1107 3575 1145 3638 ab
1169 3576 1217 3639 his

136 3685 332 3769 adfligentur
363 3685 403 3747 ad
435 3683 519 3747 diana
551 3682 634 3747 facta
665 3689 747 3746 sunt.
805 3684 872 3766 ipse
904 3680 1103 3744 Diviciacum
1134 3681 1218 3745 Hae-

165 3791 264 3855 duum
301 3810 490 3875 magnopere
529 3790 707 3854 cohortatus
746 3789 849 3871 docet,
888 3793 1005 3869 quanto
1044 3805 1137 3869 opere
1205 3787 1219 3851 1

164 3896 311 3981 publicae
349 3897 591 3977 communisque
629 3895 739 3959 salutis
776 3895 900 3958 intersit
934 3807 1305 4104 manus&
