2738 4424
427 261 626 320 trunsum
646 263 862 320 mdo-48.
1110 245 1173 310 201

118 441 176 507 per
198 423 238 486 ad
261 442 370 489 omnes
392 429 497 490 motus
518 429 646 508 paratus
667 426 734 491 suis
750 425 872 490 civibus
895 443 964 490 esse
984 427 1176 507 consuesset,

119 548 160 595 ne
179 530 312 594 consilia
328 530 405 596 belli
424 532 649 614 quaerentibus
667 536 776 596 auctor
794 549 954 595 armorum
972 530 1103 613 duxque
1122 529 1176 595 de·

120 639 214 720 esset,
236 642 367 721 parente
388 637 541 702 Romanis
563 638 689 702 civitate
712 658 786 702 oum
809 637 875 702 suis
898 636 1060 719 equitibus
1080 635 1176 700 latro-

120 742 213 806 ciniis
235 761 270 807 se
292 762 430 826 suosque
456 743 559 807 alebat
580 744 766 827 infestisque
791 744 961 808 itineribus
983 746 1176 807 commeatus

120 848 309 934 complures,
342 850 397 931 qui
424 850 700 934 comportabantur
729 851 765 914 in
791 850 925 914 hiberna
950 848 1176 932 Romanorum,

119 955 344 1038 intercipiebat.
381 954 458 1020 llrat
480 957 650 1020 attributus
671 957 811 1021 Antonio
833 957 1009 1040 praefectus
1032 955 1175 1036 equitum
1192 957 1230 1013 48

120 1058 153 1124 0.
160 1060 342 1126 Volusenus
358 1059 549 1146 Quadratus,
568 1064 623 1144 qui
638 1082 712 1127 oum
727 1081 764 1127 eo
779 1062 970 1126 hibernaret
1005 1061 1093 1125 hunc
1107 1060 1175 1124 An-

119 1167 226 1231 tonius
241 1168 281 1231 ad
296 1169 552 1251 persequendum
568 1169 743 1250 equitatum
758 1169 897 1232 hostium
912 1167 1016 1232 mittit
1039 1166 1203 1232 Volusio-a
1221 1212 1224 1217 ι

118 1292 180 1337 nus
203 1274 243 1337 ad
263 1292 333 1338 eam
347 1275 509 1357 virtutem,
532 1293 614 1356 quae
629 1275 798 1359 singularis
819 1274 1002 1356 eratineo,
1023 1292 1175 1357 magnum

120 1379 229 1443 odium
245 1378 379 1444 Commii
397 1379 602 1465 adiungebat,
626 1400 689 1464 quo
707 1381 859 1445 libentius
881 1381 916 1444 id
937 1381 1066 1462 faceret,
1089 1378 1175 1461 quod

117 1485 338 1569 imperabatur.
375 1486 484 1568 itaque
503 1487 662 1571 dispositis
679 1486 804 1550 insidiis
822 1486 947 1570 saepius
965 1487 1088 1569 equites
1106 1485 1175 1550 eius

119 1591 287 1674 adgressus
309 1592 449 1657 secunda
467 1593 587 1676 proelia
604 1593 745 1658 faciebat.
783 1593 969 1676 novissime,
992 1612 1065 1656 cum
1081 1593 1203 1658 vehes

117 1698 257 1762 mentius
285 1699 527 1764 contunderetur
553 1718 590 1764 ac
615 1699 796 1764 Volusenus
827 1700 926 1783 ipsius
952 1698 1175 1783 intercipiendi

119 1802 254 1868 Commii
277 1804 447 1888 cupiditate
468 1805 661 1888 pertinacius
688 1823 760 1869 eum
786 1825 859 1870 oum
880 1805 990 1889 paucis
1012 1805 1175 1869 insecutus

118 1914 212 1993 esset,
240 1909 293 1975 ille
316 1915 422 1974 autem
447 1911 522 1994 fuga
544 1912 724 1977 vehementi
745 1912 945 1975 Volusenum
971 1910 1175 1995 produxisset

117 2015 256 2099 longius,
287 2016 435 2080 inimicus
461 2017 583 2080 homini
609 2021 740 2100 repente
767 2036 899 2081 suorum
924 2017 1052 2081 invocat
1078 2014 1174 2080 fidem

118 2125 213 2204 atque
236 2121 405 2207 auxilium,
427 2141 469 2187 ne
492 2141 550 2186 sua
569 2123 702 2187 vulnera
723 2141 781 2208 per
801 2121 898 2187 fidem
920 2123 1067 2206 imposita
1089 2125 1174 2206 pato-

117 2232 229 2292 rentur
244 2229 412 2311 impunita,
435 2248 650 2312 conversoque
666 2248 749 2311 equo
764 2249 798 2295 se
819 2228 850 2314 [a
867 2229 980 2294 ceteris
1002 2227 1173 2312 incautius]

118 2335 271 2418 permittit
296 2334 333 2399 in
359 2317 561 2418 praefectum
605 2336 725 2400 faciunt
755 2336 817 2400 hoo
847 2335 934 2400 idem
965 2352 1074 2399 omnes
1106 2335 1201 2398 eiusa

119 2442 241 2524 equites
264 2459 444 2525 paucosque
470 2445 595 2506 nostros
622 2446 810 2508 convertunt
834 2444 930 2524 atque
952 2441 1173 2522 insequuntur.

119 2544 282 2612 Commius
299 2549 465 2612 incensum
484 2547 659 2612 calcaribus
677 2567 797 2632 equum
813 2547 977 2631 coniungit
992 2565 1074 2630 equo
1091 2544 1204 2622 Qua-s

120 2655 200 2718 drati
222 2655 395 2738 lanceaque
417 2653 531 2720 infesta
552 2655 694 2719 medium
707 2655 812 2719 femur
831 2655 901 2720 eius
914 2654 1038 2738 magnis
1053 2652 1174 2718 viribus
1274 2665 1276 2670 ·

119 2761 232 2825 traicit
276 2760 433 2844 praefecto
456 2760 620 2825 vulnerato
647 2780 714 2826 non
737 2760 882 2824 dubitant
907 2760 1009 2825 nostri
1030 2761 1203 2826 resisteres

120 2871 152 2931 et
174 2867 337 2931 conversis
359 2867 449 2949 equis
469 2866 591 2931 hostem
605 2867 730 2952 pellere.
769 2868 854 2949 quod
869 2866 926 2931 ubi
941 2866 1067 2950 accidit,
1090 2886 1202 2932 com-r

119 2972 227 3057 plures
248 2972 386 3037 hostium
408 2991 524 3057 magno
550 2980 731 3038 nostrorum
758 2974 878 3057 impetu
904 2973 1042 3057 perculsi
1063 2972 1175 3036 ualue-

120 3082 231 3142 rantur
252 3097 289 3142 ao
311 3078 426 3161 partim
447 3079 483 3142 in
504 3078 579 3163 fuga
600 3084 812 3164 proteruntur,
835 3080 950 3162 partim
971 3078 1176 3161 intercipiun-

121 3189 186 3265 tur;
215 3184 301 3266 quod
328 3183 447 3247 malum
474 3184 542 3248 dux
565 3186 640 3267 equi
663 3185 829 3249 velocitate
857 3185 993 3249 evitavit.
1037 3184 1176 3267 graviter

120 3291 306 3356 uulneratus
332 3289 521 3373 praefectus,
547 3295 584 3354 ut
606 3292 688 3354 vitae
713 3290 891 3373 periculum
919 3289 1063 3354 aditurus
1087 3290 1175 3354 vide-

119 3404 220 3481 retur,
238 3397 371 3461 refertur
388 3397 424 3459 in
443 3399 552 3458 castra
589 3394 750 3460 Commius
765 3399 869 3460 autem
889 3395 957 3459 sive
971 3395 1097 3480 expiato
1117 3414 1205 3460 suos

121 3504 229 3568 dolore
254 3505 322 3568 sive
347 3521 462 3586 magna
488 3506 576 3585 parte
603 3503 718 3566 amissa
743 3521 875 3565 suorum
900 3501 1020 3586 legatos
1047 3501 1088 3565 ad
1108 3501 1176 3565 An-

120 3610 245 3674 tonium
267 3610 363 3674 mittit
381 3627 479 3690 seque
502 3611 534 3671 et
555 3607 602 3672 ibi
624 3609 781 3692 futurum,
804 3607 860 3672 ubi
873 3608 1121 3693 praescripserit,
1145 3613 1176 3674 et

121 3737 159 3783 aa
172 3717 343 3798 fantinum,
363 3732 445 3798 quae
459 3713 634 3797 imperarit,
657 3713 821 3778 obsidibus
836 3714 919 3777 datis
937 3712 1054 3795 firmat3
1075 3733 1175 3777 unum
1189 3734 1206 3777 a

120 3823 201 3888 illud
229 3826 298 3887 orat
323 3826 360 3886 ut
385 3820 491 3885 timori
517 3839 576 3884 suo
604 3820 805 3905 concedatur,
837 3837 879 3883 ne
909 3820 1176 3904 inconspectum

119 3931 229 3995 veniat
250 3929 437 4010 cuiusquam
459 3925 602 3991 Romani.
640 3925 734 3990 ouius
755 3925 999 4010 postulationem
1017 3926 1178 3991 Antonius
