2738 4424
209 240 274 304 204
605 257 712 313 BELLI
729 257 869 314 calm

188 415 297 480 derat
318 421 453 501 uterque
480 418 519 483 ab
544 419 641 482 armis
668 421 892 502 exercitusque
919 419 1103 485 dimItteret:
1131 418 1199 484 iore
1227 436 1266 484 so

181 521 287 587 eiecto
313 522 447 587 liberam
470 527 502 587 et
527 525 578 588 sui
604 525 684 589 iuris
711 525 879 600 civitatem
923 542 1028 608 neque
1052 526 1113 590 hoc
1139 529 1265 589 tantum

206 627 366 710 pollicitus
382 633 440 714 est,
464 630 629 695 sedetiam
646 628 702 695 SO.
717 650 775 715 per
789 631 1015 697 discessionem
1028 630 1129 696 facore
1145 631 1263 714 coepit3

208 733 294 814 quod
308 753 350 799 ne
364 733 466 817 fieret,
489 736 636 800 consules
652 738 809 819 amicique
823 736 955 821 Pompei
970 738 1145 820 eviderunt,
1167 742 1263 819 atque

153 851 189 908 53
206 840 251 902 ita
272 859 341 906 rem
362 842 514 906 morando
536 842 761 907 discusserunt
805 843 957 928 Magnum
972 844 1034 908 hoc
1048 844 1263 908 testImonium

207 949 336 1010 senatus
359 952 426 1011 erat
447 948 589 1012 universi
612 948 871 1030 conveniensque
890 948 1047 1032 superiori
1061 947 1151 1014 iacto.
1186 967 1262 1013 nam

206 1051 248 1115 Μ.
276 1049 445 1117 Marcellus
475 1054 622 1138 proximo
655 1073 753 1138 anno,
780 1074 854 1118 curn
889 1055 1091 1139 impugnaret
1122 1053 1263 1118 Caesaris

207 1157 406 1242 dignItatem,
429 1164 539 1223 contra
559 1159 663 1243 legem
684 1158 817 1244 Pompei
839 1164 871 1224 et
893 1157 997 1224 Crassi
1019 1160 1170 1225 retulerat
1192 1163 1263 1224 ante
1367 1159 1368 1164 ’

206 1269 330 1349 tempus
353 1264 394 1329 ad
416 1270 563 1329 senatum
590 1266 629 1330 de
657 1263 799 1330 Caesaris
823 1266 1008 1350 provinciis,
1035 1266 1264 1347 sententiisque

206 1370 298 1434 dictis
321 1371 545 1436 discessionem
566 1371 701 1437 faciente
723 1370 886 1451 Marcello,
911 1373 966 1454 qui
988 1370 1051 1436 sibi
1066 1390 1193 1436 omnem
1217 1371 1264 1434 di-

206 1476 357 1559 gnitatem
379 1495 421 1540 ex
444 1476 586 1542 Caesaris
608 1478 731 1541 invidia
753 1477 935 1562 quaerebat,
962 1482 1091 1542 senatus
1112 1477 1264 1560 frequens

179 1582 241 1644 ain
267 1581 329 1644 alia
356 1582 463 1646 omnia
489 1583 620 1647 transiit
671 1583 789 1665 quibus
815 1603 882 1647 non
906 1583 1134 1667 frangebantur
1165 1583 1264 1647 animi

205 1687 406 1751 inimicorum
422 1686 576 1772 CaesarIs,
591 1687 647 1752 scd
662 1689 926 1772 admonebantur,
943 1708 1006 1771 quo
1020 1690 1158 1755 maiores
1172 1709 1264 1774 para·

205 1797 277 1857 rent
297 1795 511 1878 necessitates,
538 1794 655 1877 quibus
677 1795 748 1879 cogi
772 1799 877 1879 posset
904 1799 1033 1860 senatus
1060 1796 1095 1860 id
1121 1795 1262 1880 probare,

151 1908 186 1964 54
206 1900 292 1981 quod
318 1899 379 1983 ipsi
406 1901 650 1964 constItuissent
694 1899 747 1964 Fit
773 1900 888 1966 deinde
915 1905 1044 1965 senatus
1071 1901 1262 1983 consultum

134 2089 137 2096 .
203 2010 241 2069 ut
262 2007 303 2070 ad
324 2006 444 2071 bellurn
465 2006 649 2071 Parthicum
670 2007 753 2091 legio
776 2026 841 2070 una
863 2026 882 2070 a
902 2005 958 2071 On.
973 2004 1139 2090 Pompeio,
1163 2007 1262 2072 altera

203 2130 222 2174 a
245 2110 277 2174 C.
301 2110 432 2177 caesare
454 2113 643 2193 mitteretur3
667 2098 772 2195 neque
796 2111 928 2176 obscure
951 2112 1032 2176 duae
1045 2112 1188 2195 legiones
1202 2113 1262 2176 uni

176 2217 419 2283 adetrahuntur.
463 2237 538 2283 nam
559 2217 729 2302 Pompeius
750 2218 909 2302 legionem
928 2218 1077 2302 primam,
1101 2237 1198 2301 quam
1220 2218 1262 2282 ad

204 2323 369 2389 Gaesarem
395 2325 524 2390 miserat
553 2324 727 2389 confectam
754 2344 796 2389 ex
823 2324 942 2388 dilectu
973 2325 1156 2407 provincias
1184 2322 1261 2389 an-

175 2432 294 2514 esaris,
317 2450 387 2496 eam
409 2435 569 2514 tamquam
591 2449 634 2495 ex
656 2449 714 2494 suo
730 2449 864 2494 numero
881 2428 976 2494 dedit
1015 2428 1130 2494 Caesar
1144 2435 1261 2513 tamen,

203 2555 277 2600 cum
309 2537 348 2600 de
379 2537 541 2601 voluntate
571 2537 703 2600 minime
731 2535 864 2600 dubium
897 2540 979 2599 esset
1006 2535 1260 2599 adversariorum

203 2659 346 2724 suorum
371 2641 523 2724 Pompeio
549 2642 708 2725 legionem
733 2642 856 2705 remisit
883 2646 915 2705 et
941 2659 1000 2704 suo
1023 2641 1152 2705 nomine
1173 2639 1260 2726 XV,

203 2765 300 2830 quarn
326 2747 361 2810 in
388 2746 489 2811 Gallia
519 2748 663 2811 citeriore
689 2746 855 2830 habuerat,
887 2765 928 2811 ex
955 2751 1086 2811 senatus
1113 2748 1259 2811 consulto

201 2852 291 2918 iubet
320 2852 410 2916 tradi.
458 2852 494 2915 in
520 2853 588 2915 eius
618 2852 725 2915 locum
752 2851 842 2915 XIII.
874 2852 1033 2936 legionem
1067 2853 1103 2916 in
1133 2852 1260 2916 Italiam

201 2960 309 3043 mittit,
333 2975 416 3040 quae
436 2957 593 3041 praesidia
614 2961 769 3040 tueretur,
792 2976 834 3021 ex
856 2958 974 3040 quibus
995 2958 1162 3042 praesidiis
1184 2957 1259 3022 XV.

174 3065 425 3132 ‘deducebatur
467 3064 536 3147 ipse
559 3064 714 3127 exercItui
738 3063 896 3127 distribuit
917 3064 1062 3128 hiberna:
1088 3061 1120 3127 O.
1143 3063 1259 3128 Trebo-

201 3173 292 3237 nium
313 3191 387 3236 cum
408 3168 588 3254 legionibus
609 3168 676 3232 IIII
697 3169 733 3232 in
754 3168 865 3253 Belgio
888 3170 1046 3252 conlocat,
1070 3168 1103 3234 O.
1124 3160 1259 3233 Fabium

175 3292 275 3342 ecum
297 3278 429 3342 totidem
454 3277 489 3340 in
511 3275 662 3340 Haeduos
685 3273 820 3338 deducit
870 3275 917 3338 sic
945 3275 1032 3338 enim
1058 3274 1259 3339 existimabat

201 3384 391 3448 tutissimam
404 3382 472 3447 fore
488 3381 635 3464 Galliam,
649 3382 677 3444 si
692 3381 823 3464 Belgae,
839 3400 975 3463 quorum
989 3381 1132 3444 maxima
1147 3381 1258 3465 virtus,

201 3495 233 3555 et
258 3489 398 3573 Haedui,
427 3507 564 3570 quorum
591 3488 761 3551 auctoritas
788 3505 912 3550 summa
939 3491 1033 3571 esset,
1065 3486 1260 3552 exercitibus

201 3597 448 3662 continerentur.
492 3595 560 3677 ipse
582 3594 618 3657 in
639 3592 764 3657 Italiam
785 3592 945 3676 profectus
968 3597 1022 3657 est

148 3707 184 3765 55
291 3698 360 3777 Quo
383 3720 457 3765 cum
478 3700 630 3781 venisset,
652 3699 815 3782 cognoscit
835 3717 892 3783 per
915 3696 946 3761 0.
971 3697 1157 3762 Marcellum
1184 3716 1260 3762 con-

201 3808 304 3872 sulem
326 3807 467 3890 legiones
490 3805 568 3869 duas
591 3803 630 3867 ab
654 3806 836 3888 semisses,
860 3822 942 3886 quae
965 3823 1007 3869 ex
1029 3809 1158 3868 senatus
1185 3822 1260 3867 con·

201 3913 284 3978 auito
308 3912 459 3978 deberent
484 3910 525 3974 ad
545 3909 731 3975 Parthicum
756 3909 876 3974 bellum
903 3909 990 3996 duci,
1015 3909 1169 3993 Pompeio
1196 3915 1263 3973 tra·
