2738 4424
473 219 581 277 LlBIlR
598 219 632 276 V.
652 221 727 278 cll).
745 221 846 278 8-12.
1150 206 1191 271 87

134 383 299 469 perspicit,
330 383 377 448 sic
407 387 446 448 ut
477 375 602 448 amissis
636 385 760 448 circitor
789 383 850 448 XL
880 382 1017 448 navibus
1049 383 1192 465 reliquae

134 495 242 555 tamen
264 488 350 554 refici
372 509 465 574 posse
488 508 603 574 magno
626 491 753 574 negotio
776 490 969 555 riderentur.
1017 490 1128 571 itaque
1151 507 1219 554 cxc

135 595 316 680 legionibus
346 596 452 660 fabros
484 595 594 680 deligit
624 600 656 660 et
687 614 729 660 ex
759 597 934 662 continenti
966 595 1044 660 elios
1076 594 1192 660 arcessi

134 702 236 784 iubet;
259 701 399 766 Labieno
415 701 539 783 scribit,
561 707 609 786 nt,
626 721 722 784 quam
740 703 893 786 plurimas
910 702 1022 786 possit,
1035 701 1076 765 iis
1093 701 1218 783 legior

135 807 245 892 nibus,
273 826 355 892 qnae
382 809 446 872 sint
472 806 558 891 apud
584 826 671 892 eum,
697 827 795 873 naves
822 808 976 872 instituat
1025 807 1104 891 ipse,
1132 806 1218 871 etsir

135 932 185 977 res
208 918 276 978 erat
296 914 415 978 multae
433 932 546 997 operae
565 933 602 977 ac
619 913 749 998 laboris,
772 919 878 1005 tamen
900 913 1192 977 commodissimum

135 1037 204 1084 esse
227 1020 336 1083 statuit
358 1038 468 1083 omnes
489 1037 588 1083 nares
610 1018 745 1084 subduci
768 1025 891 1083 etcum
909 1020 1019 1083 castris
1041 1037 1107 1082 una
1121 1037 1191 1080 mu-

134 1126 256 1189 nitione
279 1124 437 1208 coniungi.
482 1125 517 1187 in
544 1124 594 1188 his
616 1124 712 1189 rebus
735 1125 860 1189 circiter
882 1125 949 1188 dies
971 1124 1005 1189 X
1031 1123 1217 1188 consumite

134 1249 176 1295 ne
194 1231 359 1295 nocturnis
378 1230 506 1313 quidem
519 1230 714 1314 temporibus
731 1230 772 1293 ad
785 1229 926 1296 laborem
942 1229 1080 1293 militum
1093 1230 1189 1292 inter-

111 1385 113 1389 .
133 1337 246 1401 missis.
293 1336 457 1400 subductis
474 1335 610 1399 navibus
628 1338 803 1420 castrisque
826 1337 950 1420 egregie
967 1335 1100 1399 munitis
1122 1353 1215 1402 eas-r

133 1442 206 1506 dem
230 1443 350 1527 copias,
375 1462 454 1524 quas
476 1446 563 1524 ante,
585 1442 742 1524 praesidio
766 1441 901 1506 navibus
928 1441 1094 1525 relinquit,
1121 1443 1189 1525 ipse

133 1549 259 1632 eodem,
293 1547 378 1611 undo
408 1548 558 1630 redierat,
592 1547 810 1631 proficiscitur.
864 1567 902 1612 eo
939 1567 1011 1611 cnm
1043 1548 1215 1630 venissets

132 1656 269 1718 maiores
290 1656 354 1716 iam
377 1653 519 1735 undique
545 1654 580 1716 in
607 1672 680 1717 eum
705 1654 809 1718 locum
832 1655 939 1737 copiae
962 1653 1189 1717 Britannorum

132 1764 348 1824 convenerant
374 1778 497 1823 summa
518 1759 642 1843 imperii
669 1758 808 1842 bellique
835 1759 1077 1824 administrandi
1103 1779 1188 1824 com·

131 1867 222 1928 muni
244 1865 376 1930 consilio
400 1866 553 1949 permissa
575 1863 824 1947 CassivellaunO,
847 1866 939 1928 cuius
961 1865 1040 1929 fines
1058 1885 1077 1928 a
1094 1866 1187 1929 mari-

131 1973 216 2035 timis
238 1970 419 2034 civitatibus
441 1970 562 2034 flumen
585 1970 712 2050 dividit,
736 1972 821 2054 quod
845 1971 1020 2054 appellatur
1040 1970 1187 2054 Tamesis,

130 2097 150 2139 a
181 2077 261 2140 mari
287 2077 412 2141 circiter
438 2077 527 2139 milia
552 2095 705 2159 passuum
732 2076 866 2140 LXXX.
916 2077 992 2140 huic
1024 2077 1213 2160 superiores

130 2189 270 2267 tempore
297 2201 370 2246 cum
392 2182 525 2264 reliquis
552 2182 733 2246 civitafibus
761 2184 956 2246 continentia
981 2181 1064 2246 bella
1090 2182 1187 2246 inter·

130 2293 302 2369 cesserant3
326 2287 382 2353 sed
405 2293 512 2352 nostro
536 2288 675 2351 adventu
698 2290 831 2371 permoti
851 2289 997 2352 Britanni
1019 2288 1105 2352 bunc
1128 2289 1186 2353 toti

128 2395 212 2459 bello
235 2394 433 2480 imperioque
455 2394 677 2477 praefecerant.

217 2501 402 2565 Britanniae
423 2519 496 2584 pars
518 2499 651 2563 interior
676 2499 715 2562 ab
739 2500 779 2564 iis
801 2499 964 2584 incolitur,
993 2519 1073 2583 quos
1094 2505 1186 2564 natos
1205 2511 1242 2566 12*

128 2608 162 2670 in
185 2606 291 2670 insula
317 2608 386 2690 ipsa
412 2605 566 2670 memoria
592 2604 752 2688 proditum
780 2606 903 2687 dicunt,
930 2606 1088 2670 maritima
1113 2623 1213 2689 persa

129 2712 168 2776 ab
196 2713 247 2797 iis,
281 2712 337 2796 qui
363 2712 498 2795 praedae
531 2731 568 2775 ac
594 2709 670 2776 belli
699 2712 855 2776 inferendi
882 2731 978 2775 causa
1004 2731 1047 2775 ex
1074 2712 1185 2796 Belgio

129 2819 322 2882 transierunt
344 2854 386 2864 -
411 2817 468 2900 qui
487 2836 597 2881 omnes
619 2815 684 2881 fere
701 2817 802 2880 isdem
822 2817 1004 2882 nominibus
1022 2818 1185 2883 civitatum

128 2924 337 3007 appellantur,
361 2921 476 3005 quibus
500 2923 560 2986 orti
584 2941 624 2985 ex
648 2922 828 2986 civitatibus
852 2941 889 2987 eo
909 2929 1124 3007 pervenerunt
1143 2958 1185 2971 -

129 3037 161 3091 et
182 3027 265 3091 bello
288 3028 385 3092 inlato
408 3027 454 3091 ibi
476 3036 697 3093 remanserunt
718 3036 814 3112 atque
837 3048 928 3113 agros
951 3029 1054 3094 colere
1077 3047 1186 3112 coepe-

129 3138 213 3198 runt
257 3134 421 3196 hominum
443 3140 491 3198 est
506 3133 631 3197 infinita
645 3134 814 3199 multitudo
830 3134 1084 3217 creberrimaque
1099 3135 1213 3200 aedi-a

129 3238 200 3302 ficia
231 3238 295 3302 fere
322 3237 452 3302 Gallicis
483 3240 673 3320 consimilia,
705 3241 827 3324 pecoris
858 3259 992 3324 magnus
1023 3259 1185 3306 numerus

129 3349 266 3408 utuntur
288 3343 354 3428 [aut
376 3344 460 3428 aere]
483 3350 537 3408 aut
560 3364 691 3409 nummo
706 3364 801 3409 aureo
825 3350 880 3410 aut
902 3328 993 3410 taleis
1014 3348 1123 3413 ferreis
1145 3346 1212 3413 ade

128 3459 257 3514 certum
288 3449 413 3534 pondus
448 3451 637 3514 examinatis
672 3471 728 3534 pro
763 3470 902 3515 nummo.
960 3454 1102 3518 nascitur
1138 3453 1212 3519 ibis

127 3555 296 3640 plumbum
319 3555 427 3619 album
449 3557 484 3620 in
499 3555 736 3621 mediterraneis
752 3558 946 3641 regionibus,
968 3559 1003 3623 in
1019 3560 1185 3626 maritimis

127 3663 259 3744 ferrum,
282 3662 338 3726 sed
361 3662 430 3726 eius
445 3664 562 3746 exigua
577 3670 624 3727 est
639 3663 743 3747 eopia3
767 3683 839 3730 aere
862 3670 996 3730 utuntur
1009 3667 1184 3752 importato.

127 3769 260 3833 materia
286 3768 442 3870 cuiusque
468 3769 593 3852 generis
616 3771 707 3834 utin
731 3770 834 3835 Galba
856 3776 904 3836 est
925 3777 1048 3856 praeter
1074 3771 1186 3858 legum
1225 3830 1232 3853 2

126 3879 223 3957 atque
245 3874 389 3938 abietem.
435 3875 574 3959 leporem
596 3883 628 3941 et
649 3877 801 3960 gallinam
829 3883 860 3943 et
886 3895 1031 3944 anserem
1056 3802 1280 4152 fl
