2738 4424
222 195 264 260 80
618 213 884 270 numerand

195 391 304 454 equos
325 377 414 437 tanto
438 377 538 458 spatio
561 377 675 459 secuti,
703 381 856 459 quantum
884 397 981 441 cursu
1009 381 1041 441 et
1066 375 1188 439 viribus
1214 372 1284 440 effi·

222 496 294 543 aere
315 484 501 563 potuerunt,
525 482 703 566 complures
726 502 769 548 ex
791 483 831 546 iis
854 483 1051 565 occiderunt,
1075 480 1190 547 deinde
1213 498 1282 543 om-

221 583 318 649 nibus
340 584 435 670 longe
457 586 585 669 lateque
608 587 760 652 aedificiis
780 589 920 653 incensis
947 607 981 653 se
1003 589 1036 652 in
1065 592 1168 653 castra
1194 604 1283 650 rece-
1333 621 1336 625 «

167 704 205 762 aa
222 695 345 773 perunt
388 691 511 757 Eodem
533 692 585 757 die
607 694 705 779 legati
727 694 766 758 ab
785 694 930 759 hostibus
947 695 1037 759 missi
1054 694 1095 758 ad
1114 692 1282 758 Gaesarem

196 795 262 863 ade
285 816 363 881 paee
385 803 551 863 venerunt
596 800 646 864 his
669 799 784 865 Caesar
805 819 974 866 numerum
997 800 1158 883 obsidum,
1185 817 1282 882 quem

223 907 296 968 ante
323 904 545 988 imperaverat,
573 906 746 990 duplicavit
772 926 890 991 eosque
922 907 956 970 in
983 907 1198 971 continentem
1226 904 1283 968 ad·

224 1007 300 1073 duci
320 1010 426 1093 iussit,
450 1012 536 1094 quod
557 1013 735 1097 propinqua
757 1013 809 1076 die
827 1013 1019 1096 aequinoctii
1038 1011 1174 1076 infirmis
1191 1010 1282 1075 nari-

222 1115 284 1179 bus
315 1115 415 1181 hiemi
445 1118 680 1201 navigationem
716 1118 933 1183 subiciendam
969 1137 1035 1183 non
1071 1116 1281 1182 existimabat

196 1221 291 1305 aipse
305 1221 452 1285 idoneam
463 1226 682 1307 tempestatem
692 1229 804 1290 nactus
817 1225 912 1309 paulo
923 1223 1144 1309 postmodium
1154 1226 1282 1287 noctem

196 1345 321 1393 anavas
343 1327 448 1409 solvit3
473 1346 554 1410 quae
577 1347 688 1394 omnes
710 1330 886 1395 incolumes
909 1331 949 1394 ad
971 1331 1188 1396 continentem
1209 1347 1281 1413 per-

223 1436 393 1514 venerunt3
418 1434 474 1499 sed
492 1453 534 1499 ex
551 1436 591 1499 iis
614 1436 776 1500 onerariae
800 1437 881 1501 duae
904 1436 1032 1502 eosdem
1053 1440 1177 1521 portus,
1200 1453 1282 1517 quos

223 1537 379 1621 reliquae,
401 1558 513 1623 capere
531 1559 596 1604 non
613 1545 785 1625 potuerunt
803 1546 834 1607 et
855 1543 950 1626 paulo
966 1542 1048 1606 inira
1063 1542 1183 1606 delatae
1198 1545 1282 1605 sunt

168 1656 205 1714 tt
313 1641 436 1720 Quibus
459 1663 501 1710 ex
522 1645 658 1711 navibus
685 1664 759 1710 cum
782 1652 889 1712 essent
914 1649 1051 1732 expositi
1077 1648 1194 1712 milites
1220 1646 1282 1709 air-

225 1750 303 1815 citer
335 1749 410 1815 000
441 1755 536 1834 atque
567 1752 602 1814 in
633 1755 736 1816 eastra
766 1753 1006 1837 contenderent,
1037 1754 1169 1837 Morini,
1202 1769 1281 1835 quos

225 1855 340 1921 Caesar
360 1858 397 1920 in
418 1856 618 1920 Britanniam
639 1857 844 1942 proficiscens
866 1863 993 1944 pacatos
1014 1860 1199 1944 reliquerat,
1226 1877 1282 1942 spe

223 1962 358 2047 praedae
390 1963 519 2027 adducti
548 1964 650 2048 primo
682 1983 748 2028 non
775 1966 820 2030 ita
846 1985 962 2051 magno
990 1985 1121 2031 suorum
1147 1983 1281 2029 numero

225 2069 503 2134 circumsteterunt
524 2088 573 2153 ao,
597 2071 625 2134 ai
647 2089 717 2135 sese
739 2069 877 2137 interfici
898 2072 1031 2154 nollent,
1054 2090 1142 2134 arma
1163 2089 1281 2153 ponere

197 2175 392 2241 aiusserunt.
437 2193 512 2239 cum
534 2176 582 2240 illi
605 2175 680 2241 orbe
702 2176 783 2242 facto
807 2196 875 2243 sose
899 2177 1115 2256 defenderent,
1138 2175 1282 2240 celeriter

225 2281 264 2345 ad
296 2281 466 2347 clamorem
501 2283 667 2347 hominum
698 2284 823 2348 circiter
853 2283 943 2347 milia
973 2281 1020 2345 Vi
1055 2283 1280 2344 convenerunt.

225 2407 288 2469 qua
309 2406 345 2452 re
367 2389 512 2452 nuntiata
535 2387 649 2454 Caesar
671 2408 797 2454 omnem
820 2407 862 2453 ex
884 2388 993 2452 castris
1016 2386 1192 2469 equitatum
1214 2385 1281 2450 suis

197 2493 345 2556 aauxilio
376 2494 472 2558 misit
521 2495 649 2560 interim
679 2497 780 2560 nostri
810 2495 926 2559 milites
940 2494 1110 2584 'impetum
1142 2492 1281 2555 hostium

225 2599 445 2664 sustinuerunt
466 2603 561 2683 atque
584 2602 720 2685 amplius
741 2600 828 2664 horis
850 2599 917 2664 ΠΠ
934 2599 1103 2664 fortissime
1118 2616 1281 2683 pugnave-

225 2707 302 2768 runt
323 2710 355 2768 et
375 2706 485 2787 paucis
507 2705 694 2771 vulneribus
717 2706 853 2789 acceptis
875 2705 1054 2789 complures
1077 2723 1119 2767 ex
1133 2704 1183 2768 his
1199 2704 1281 2766 occi-

197 2809 349 2874 aderunt
388 2814 498 2894 postea
519 2828 594 2874 raro
611 2828 707 2892 quam
722 2811 882 2893 equitatus
896 2815 1003 2875 noster
1025 2810 1059 2873 in
1074 2813 1280 2892 conspectum

225 2917 326 3000 venit,
356 2916 461 2981 hostes
492 2915 622 2981 abiectis
649 2916 745 2980 armis
776 2921 865 3000 terga
890 2918 1054 2980 verterunt
1080 2932 1280 2997 magnusque

170 3035 208 3093 88
227 3043 337 3089 eorum
358 3040 510 3086 numerus
533 3025 581 3086 est
603 3021 734 3086 occisus.
781 3021 896 3086 Caesar
914 3025 1038 3106 postero
1054 3019 1106 3085 die
1120 3020 1152 3084 Τ.
1168 3018 1281 3086 Labie·

226 3150 305 3195 num
325 3128 466 3214 legatum
493 3146 567 3192 cum
588 3127 628 3192 iis
649 3126 842 3211 legionibus,
870 3145 948 3210 quas
975 3145 1017 3191 ex
1038 3126 1205 3190 Britannia
1230 3147 1280 3193 re·

200 3238 375 3318 eduxerat,
395 3235 431 3298 in
445 3234 600 3318 Morinos,
624 3233 680 3316 qui
694 3232 902 3298 rebellionem
915 3234 1069 3315 fecerant,
1090 3233 1185 3297 misit
1224 3233 1281 3316 qui

227 3362 300 3408 oum
321 3344 448 3426 propter
474 3340 632 3406 siccitates
653 3338 821 3424 paludum,
848 3358 911 3423 quo
938 3358 972 3404 se
998 3339 1188 3424 reciperent,
1215 3356 1280 3401 non

226 3448 389 3529 haberent,
413 3465 477 3528 quo
499 3445 643 3530 perfugio
666 3446 828 3530 superiore
854 3465 937 3510 anno
965 3449 1055 3509 erant
1080 3445 1143 3527 usi,
1170 3461 1279 3507 omnes

173 3553 293 3618 'afara
318 3554 353 3615 in
379 3557 565 3636 potestatem
592 3551 725 3617 Labieni
752 3555 915 3617 venerunt
966 3557 999 3616 at
1027 3548 1061 3626 Q.
1084 3549 1222 3613 libarius
1248 3551 1280 3612 et

227 3658 261 3723 L.
285 3657 375 3724 Cotta
396 3659 505 3742 legati,
528 3659 585 3742 qui
606 3659 641 3721 in
663 3657 883 3742 Menapiorum
908 3656 990 3721 fines
1012 3656 1153 3740 legiones
1180 3653 1280 3717 duxe-

228 3769 311 3847 rant,
343 3764 491 3830 omnibus
523 3783 633 3829 eorum
659 3765 743 3849 agris
773 3763 916 3845 vastata,
947 3761 1114 3826 frumentis
1140 3759 1281 3841 succisis,

229 3869 380 3935 aedificiis
401 3870 553 3953 incensis,
576 3871 662 3954 quod
684 3868 824 3953 Menapii
845 3887 880 3932 se
902 3884 1016 3932 omnes
1025 3867 1061 3930 in
1079 3864 1281 3930 densissimas
