2738 4424
394 251 502 306 nram
519 252 553 308 r.
572 253 648 310 cnr.
668 255 790 312 se-vr.
809 256 884 312 one.
902 259 929 311 4.
1127 239 1189 306 111
1281 333 1285 339 ,

221 410 391 477 Interfecto
406 412 637 501 Indutiomaro,
659 420 697 481 ut
719 416 897 503 docuimus,
920 417 961 482 ad
979 417 1049 484 eius
1062 417 1228 503 propin-a

132 534 213 599 quos
236 536 255 580 a
276 516 421 583 Treveris
443 518 613 606 imperium
635 521 781 588 defertur.
825 523 875 588 illi
892 521 1045 589 finitimos
1061 523 1191 589 Germa·

130 640 191 687 nos
214 622 384 688 sollicitare
411 629 443 690 et
463 627 631 708 pecuniam
653 627 795 712 polliceri
816 648 882 693 non
905 628 1070 694 desistunt
1115 647 1220 694 cuma

132 746 151 792 a
182 729 339 812 proximis
370 730 539 814 impetrare
569 751 635 796 non
665 738 806 818 possent,
834 734 1000 800 ulteriores
1027 738 1189 818 temptant.

130 833 272 899 inventis
293 854 361 900 non
382 835 481 901 nullis
503 837 683 903 civitatibus
705 839 930 905 iureiurando
953 841 1036 905 inter
1057 859 1092 905 se
1114 858 1190 904 con-

130 937 261 1005 firmant
283 939 510 1026 obsidibusque
533 942 573 1009 de
594 945 731 1028 pecunie
745 950 872 1028 cavent3
895 944 1114 1030 Ambiorigem
1127 943 1190 1009 sibi

131 1046 281 1112 societate
304 1052 336 1112 et
356 1047 482 1113 foedere
497 1048 681 1134 adiungtmt
721 1050 837 1132 quibus
851 1051 947 1116 rebus
962 1051 1096 1136 cognitis
1112 1050 1219 1116 Cae-a

130 1169 195 1236 sar,
218 1171 292 1216 oum
313 1152 457 1236 undique
479 1153 598 1219 bellum
624 1156 730 1239 parari
755 1155 890 1240 videret,
916 1155 1063 1240 Nervios,
1089 1157 1189 1220 Atua-
1232 1198 1234 1203 -

131 1262 235 1343 tucos,
257 1256 422 1342 Menapios
445 1259 601 1326 adiunctis
625 1260 827 1327 Cisrhenanis
851 1261 998 1326 omnibus
1021 1261 1189 1327 Germanis

131 1383 201 1430 esse
223 1365 259 1428 in
281 1366 390 1449 armiS,
414 1364 555 1432 Senones
577 1366 619 1430 ad
637 1367 827 1451 imperatum
848 1386 914 1432 non
928 1368 1038 1433 venire
1061 1372 1189 1433 etcum

131 1468 326 1537 Oamutibus
347 1469 553 1555 finitimisque
580 1472 761 1538 civitatibus
788 1474 920 1538 consilia
946 1473 1188 1556 communicare,

129 1594 150 1641 a
171 1576 315 1641 Treveris
338 1575 512 1642 Germanos
539 1579 657 1643 crebris
682 1579 895 1664 legationibus
923 1579 1097 1663 sollicitari,
1123 1598 1189 1643 ma·

129 1682 234 1746 turius
256 1681 318 1746 sibi
341 1680 485 1746 debello
509 1684 711 1768 cogitandum
732 1685 864 1769 putavit
909 1685 1022 1768 Itaque
1043 1684 1229 1752 nonduma

128 1786 234 1852 hieme
257 1788 398 1852 confecta
420 1790 573 1872 proximis
587 1789 655 1854 1111
677 1791 793 1856 coactis
814 1789 994 1874 legionibus
1016 1789 1056 1855 de
1071 1790 1187 1873 impro-

93 1982 95 1986 λ
129 1893 200 1958 riso
222 1893 258 1957 in
279 1892 360 1958 fines
382 1893 573 1959 Nerviorum
595 1895 759 1959 contendit
780 1899 824 1979 et,
851 1895 1038 1979 priusquam
1061 1894 1109 1958 illi
1133 1898 1215 1958 auti

130 1999 303 2064 convenire
337 2004 392 2063 aut
421 1999 589 2084 profugere
619 2004 760 2084 possent,
791 2019 906 2085 magno
937 1999 1061 2084 pecoris
1093 2004 1188 2083 atque

129 2103 296 2168 hominum
321 2123 454 2170 numero
483 2110 572 2190 capto
601 2112 696 2188 atque
724 2125 762 2171 ea
787 2105 905 2189 praeda
930 2104 1085 2169 militibus
1112 2123 1187 2169 oon-

130 2227 219 2274 cessa
240 2212 432 2293 vastatisque
454 2212 539 2296 agris
561 2212 597 2276 in
616 2212 811 2276 deditionem
826 2211 935 2276 venire
950 2215 1044 2293 atque
1060 2208 1186 2276 obsides

130 2314 191 2380 sibi
213 2315 288 2381 dare
309 2318 419 2401 coegit
464 2336 502 2382 eo
526 2317 668 2383 celeriter
690 2317 832 2381 confecto
860 2317 987 2400 negotio
1013 2336 1125 2381 rursus
1151 2317 1217 2380 ins

129 2419 262 2487 hiberna
283 2422 424 2506 legiones
445 2423 582 2488 reduxit
627 2423 762 2488 concilio
779 2422 899 2487 Galliae
913 2423 1016 2507 primo
1039 2440 1127 2506 vere,
1150 2427 1187 2488 ut
1199 2445 1218 2485 ι.

130 2526 322 2612 instituerat,
344 2529 477 2612 indicto,
499 2548 572 2594 cum
586 2529 702 2612 reliqui
715 2534 840 2614 praeter
854 2527 1008 2613 Senones,
1032 2527 1186 2593 Gamutes

129 2631 343 2716 Treverosque
373 2635 548 2719 venissent,
583 2635 712 2699 initium
738 2634 815 2699 belii
846 2653 882 2698 ac
912 2633 1095 2699 defectionis
1125 2634 1185 2698 hoc

130 2757 199 2803 esse
221 2737 403 2822 arbitratus,
425 2745 463 2805 ut
484 2742 590 2805 omnia
612 2745 800 2826 postponere
820 2740 992 2824 videretur,
1014 2740 1185 2805 concilium

129 2842 289 2909 Lutetiam
315 2846 510 2912 Parisiorum
536 2846 690 2912 transfert
740 2845 880 2912 confines
907 2850 997 2912 orant
1026 2846 1061 2910 hi
1088 2844 1217 2910 Seno-s

130 2949 224 3015 nibus
247 2952 468 3035 civitatemque
490 2958 617 3036 patrum
638 2954 791 3018 memoria
806 2953 1050 3033 coniunxerant,
1072 2951 1128 3016 sed
1144 2951 1183 3015 ab

130 3056 189 3122 hoo
212 3058 343 3122 oonsilio
367 3058 482 3123 afuisse
505 3059 777 3124 existimabantur.
822 3058 882 3122 hac
895 3076 931 3123 re
953 3076 1010 3141 pro
1033 3060 1210 3141 suggestus

128 3165 331 3247 pronuntiata
357 3164 469 3229 eodem
491 3165 543 3229 die
565 3183 639 3228 cum
661 3162 841 3248 legionibus
867 3163 901 3226 in
923 3161 1064 3227 Senones
1090 3158 1184 3245 profi·

129 3269 258 3334 ciscitur
279 3271 467 3355 magnisque
493 3269 664 3335 itineribus
691 3289 728 3336 eo
755 3269 907 3353 pervenit
954 3265 1086 3352 Cognito
1114 3267 1225 3336 eiust

128 3374 269 3441 adventu
291 3377 391 3461 Acco,
415 3377 471 3458 qui
492 3376 638 3460 princeps
662 3376 731 3439 eius
754 3374 878 3439 consilii
900 3374 1015 3456 fuerat,
1037 3372 1126 3437 iubet
1148 3374 1183 3436 in

129 3482 244 3565 oppida
273 3482 509 3547 multitudinem
539 3481 717 3546 convenire.
767 3479 967 3562 conantibus,
998 3480 1183 3562 priusquam

128 3585 162 3650 id
194 3587 276 3653 effici
307 3593 424 3672 posset,
456 3589 564 3653 adesse
590 3587 750 3652 Romanos
781 3587 954 3649 nuntiatur.
1004 3584 1209 3649 necessarior

128 3695 283 3758 sententia
309 3694 465 3759 desistunt
491 3693 674 3777 legatosque
703 3691 890 3775 deprecandi
916 3709 1011 3754 causa
1038 3690 1078 3754 ad
1106 3689 1182 3753 Cae

128 3818 231 3865 sarem
253 3801 395 3882 mittunt;
423 3799 542 3865 adeunt
566 3817 624 3883 per
649 3796 813 3882 Haeduos,
842 3815 978 3880 quorum
1006 3797 1182 3879 antiquitus

126 3910 197 3970 erat
218 3906 252 3970 in
273 3904 337 3970 lide
362 3907 480 3970 civitas.
529 3904 665 3969 libenter
692 3901 805 3968 Caesar
831 3902 1012 3987 petentibus
1038 3901 1216 3968 Haeduisa
