2738 4424
164 221 226 285 110
559 236 664 290 BELLI
682 235 823 292 edumei

164 415 274 464 omnes
296 402 404 481 petant
425 398 693 481 Indutiomarum,
720 416 784 461 neu
812 398 884 480 quis
913 416 1008 479 quem
1034 397 1124 480 prius
1150 397 1224 461 vul-

163 507 265 585 neret,
289 524 385 587 quam
406 505 498 568 illurn
512 504 713 568 interfectum
728 504 855 585 viderit,
879 503 965 586 quod
980 522 1069 567 mora
1083 503 1224 585 reliquo-

136 629 235 676 srum
258 611 395 694 spatium
416 615 547 674 nactum
568 610 660 673 illum
683 609 819 692 effugere
840 609 981 690 nolebat,
1008 628 1123 692 magna
1149 627 1224 693 pro·

163 715 254 798 ponit
267 716 320 797 iis,
336 716 392 797 qui
407 715 591 798 occiderint,
614 716 765 798 praemia,
789 713 947 778 submittit
965 714 1111 779 cohortes
1131 714 1225 796 equi·

137 819 249 891 atibus
271 821 421 885 subsidio.
467 821 650 905 comprobat
676 821 814 885 hominis
836 821 1005 885 consilium
1026 820 1167 903 fortune,
1191 824 1225 886 et

164 945 238 990 cum
261 943 362 991 unum
385 946 494 992 omnes
516 932 672 1011 peterent,
694 927 819 1010 inipso
841 925 984 991 fluminis
1006 926 1087 991 vado
1112 927 1224 1010 depre-

164 1033 283 1098 hensus
299 1033 537 1098 Indutiomarus
555 1032 755 1117 interficitur,
771 1037 928 1116 caputque
943 1033 1013 1098 eius
1035 1033 1170 1096 refertur
1185 1033 1223 1096 in

164 1145 279 1221 eastra3
297 1139 466 1204 redeuntes
481 1140 618 1222 equites,
637 1158 717 1221 quos
731 1143 875 1222 possunt,
890 1143 1112 1203 consectantur
1126 1143 1224 1220 atque

138 1245 319 1319 7oecidunt
364 1246 423 1310 hac
440 1263 476 1310 re
491 1246 617 1328 cognitu
634 1264 744 1310 omnes
758 1244 947 1309 Eburonum
969 1250 1001 1309 et
1022 1243 1224 1328 Nerviorum,

165 1369 247 1433 quae
264 1356 491 1435 convenerant,
514 1353 622 1435 copiae
641 1352 820 1434 discedunt,
842 1351 1001 1435 pauloque
1018 1349 1130 1415 babuit
1150 1354 1225 1434 post

164 1456 198 1521 id
218 1456 338 1520 factum
361 1454 475 1523 Caesar
498 1459 687 1539 quietiorem
710 1455 855 1521 Galliam.

482 1737 519 1804 0.
541 1737 661 1804 IUHI
684 1737 906 1804 CAESARIS

418 1878 628 1957 BELLI
668 1880 961 1960 GALLIOI

559 2037 828 2094 nrnnnsnxrns.

123 2225 144 2277 '1
251 2199 361 2265 Multis
396 2198 436 2264 de
468 2201 572 2264 causis
609 2199 724 2264 Caesar
755 2201 907 2264 maiorem
942 2197 1062 2264 Galliae
1097 2202 1221 2263 motum

163 2311 336 2390 expectans
350 2325 407 2390 per
422 2304 463 2368 Μ.
480 2303 636 2389 Silanum,
660 2303 693 2369 O.
709 2306 886 2369 Antistium
900 2304 1072 2389 Reginum,
1093 2305 1126 2369 Τ.
1142 2303 1222 2370 Sex-

137 2413 244 2483 atium
267 2412 386 2496 legatos
408 2411 560 2476 dilectum
574 2410 691 2475 habere
706 2412 856 2494 instituit3
880 2411 977 2476 simul
999 2411 1038 2475 ab
1056 2409 1110 2476 (lm
1125 2411 1222 2475 Pom·

163 2518 234 2601 peio
257 2517 445 2600 proconsule
468 2518 559 2601 petit,
588 2518 738 2599 quoniam
764 2518 832 2601 ipse
859 2518 900 2581 ud
922 2517 1035 2582 urbem
1061 2536 1135 2581 cum
1162 2518 1223 2580 im-

163 2623 251 2706 perio
278 2622 499 2706 reipublicae
530 2641 626 2686 eausa
652 2628 841 2708 remaneret,
875 2640 955 2705 quos
986 2641 1027 2686 ex
1060 2622 1222 2707 Cisalpina

165 2727 266 2792 eona
288 2728 400 2792 consul
423 2732 619 2793 sacramento
641 2734 795 2813 rogasset,
818 2728 859 2793 ad
882 2730 973 2813 signa
996 2729 1167 2793 convenire
1191 2735 1237 2794 et

137 2834 205 2908 aad
236 2853 270 2900 se
300 2833 458 2918 proficisci
483 2833 620 2916 iuberet,
651 2836 758 2918 magni
785 2837 936 2900 interesse
964 2836 1060 2899 etiam
1087 2834 1123 2899 in
1148 2835 1223 2900 reli·

166 2960 266 3024 quum
296 2951 421 3024 tempus
452 2939 492 3003 ad
524 2941 707 3024 opinionem
738 2941 859 3006 Galliae
897 2941 1083 3005 existimans
1118 2945 1225 3006 tantas

165 3047 267 3110 rideri
288 3047 398 3112 Italiae
420 3046 598 3127 facultates,
620 3050 668 3128 ut,
691 3047 720 3110 si
743 3048 821 3130 quid
844 3050 926 3112 esset
952 3047 988 3110 in
1015 3046 1098 3111 bello
1126 3047 1224 3112 detri-

164 3153 266 3216 menti
288 3157 463 3236 aceeptum,
485 3171 552 3215 non
573 3151 668 3215 modo
690 3151 725 3216 id
746 3151 837 3216 brevi
858 3159 999 3236 tempore
1021 3154 1143 3237 sarciri,
1166 3152 1224 3218 sed

139 3259 259 3331 aetiam
286 3258 459 3322 maioribus
486 3259 595 3343 augeri
622 3259 721 3341 copiis
752 3263 865 3341 posset
916 3257 1001 3340 quod
1028 3278 1102 3322 cum
1128 3257 1226 3323 Pom-

165 3365 258 3448 peius
281 3368 313 3428 et
333 3365 381 3429 rei
403 3364 548 3448 publicae
571 3368 603 3429 et
617 3365 776 3429 amicitiae
791 3363 966 3447 tribuisset,
988 3365 1133 3431 celeriter
1147 3385 1225 3430 con-

165 3471 247 3536 lecto
278 3490 335 3554 per
366 3489 440 3534 suos
476 3471 595 3535 dilectu
625 3470 727 3534 tribus
758 3475 830 3536 ante
858 3475 1002 3535 exactam
1028 3471 1165 3537 hiemem
1192 3477 1226 3536 et

167 3577 345 3641 constitutis
367 3580 399 3640 et
421 3575 565 3640 adductis
587 3575 766 3660 legionibus
789 3575 1012 3660 duplicatoque
1039 3596 1148 3641 earum
1171 3594 1224 3640 co-

166 3682 307 3746 hortium
328 3700 474 3766 numero,
498 3701 576 3764 quas
599 3701 672 3746 cum
696 3679 731 3756 Q.
753 3681 873 3746 Titurio
897 3685 1056 3768 amiserat,
1083 3687 1115 3747 et
1141 3681 1222 3748 eele-

167 3789 259 3853 ritate
291 3792 323 3852 et
354 3789 453 3871 copiis
484 3788 606 3870 docuit,
640 3788 718 3872 quid
748 3788 858 3872 populi
888 3787 1024 3854 Romani
1055 3788 1226 3872 discipline

167 3898 262 3976 atque
285 3912 360 3977 opes
381 3897 517 3977 possent
