2738 4424
177 180 219 244 28
573 197 677 251 BELLI
695 196 834 252 GdLLlCI

178 355 293 438 quibus
315 356 451 440 populus
472 356 635 422 Romanus
657 360 829 442 ignovisset
850 376 955 439 neque
980 357 1015 420 in
1037 354 1234 441 provinciam

150 460 350 544 eredegisset
375 480 478 544 neque
505 463 700 547 stipendium
727 465 936 546 imposuisset.
983 462 1068 544 quod
1099 462 1128 525 si
1154 461 1235 524 anti·

178 567 367 647 quissimum
390 570 540 650 quodque
562 576 686 653 tempus
701 571 835 652 spectari
858 574 1025 652 oporteret,
1048 567 1157 653 populi
1171 566 1236 630 Ro-

177 673 264 736 mani
286 674 495 738 iustissimum
527 695 595 739 esse
627 676 663 739 in
685 675 787 740 Gallia
809 676 991 759 imperium;
1024 676 1050 739 si
1078 673 1235 736 iudicium

177 783 306 843 senatus
329 779 489 844 observari
511 786 680 864 oporteret,
707 782 839 845 liberam
863 782 977 846 debere
999 800 1068 846 esse
1092 779 1235 861 Galliam,

125 899 161 953 tt
179 902 274 966 quam
297 884 380 948 bello
402 887 518 950 victam
540 888 606 950 suis
628 887 752 970 legibus
774 888 822 951 uti
845 887 1004 952 voluisset.
1049 885 1135 949 Dum
1156 886 1236 949 haec

178 990 214 1052 in
228 990 398 1074 conloquio
413 999 583 1075 geruntur,
600 991 725 1057 Caesari
746 994 926 1057 nuntiatum
943 1000 991 1058 est
1005 994 1127 1076 equites
1142 992 1236 1055 Ario-

179 1095 252 1160 visti
277 1098 407 1181 propius
434 1098 594 1161 tumulum
620 1100 769 1163 accedere
797 1103 829 1164 et
855 1098 895 1162 cd
923 1103 1047 1162 nostros
1072 1098 1235 1180 adequitare

152 1219 227 1283 are,
253 1202 372 1286 lapides
399 1204 524 1288 telaque
550 1205 586 1268 in
612 1210 736 1268 nostros
764 1205 893 1269 coicere.
943 1202 1055 1269 Caesar
1082 1203 1235 1286 loquendi

178 1305 276 1372 finem
298 1308 374 1373 fecit
394 1327 492 1391 seque
519 1310 559 1373 ad
586 1328 661 1374 suos
688 1312 805 1394 recepit
832 1311 962 1392 suisque
987 1311 1166 1393 imperavit,
1194 1327 1235 1371 ne

153 1414 265 1497 equod
290 1415 420 1477 omnino
451 1414 549 1479 telum
576 1417 611 1479 in
637 1415 743 1480 hostes
769 1417 932 1480 reicerent.
977 1435 1052 1478 nam
1079 1416 1137 1479 etsi
1165 1416 1235 1478 sine

179 1519 244 1582 ullo
280 1519 419 1603 periculo
454 1520 587 1603 legionis
624 1521 762 1585 delectae
800 1541 873 1585 cum
905 1522 1048 1605 equitatu
1078 1520 1235 1604 proelium

178 1626 245 1689 fore
266 1624 407 1708 videbat,
433 1631 540 1690 tamen
568 1628 827 1691 committendum
851 1646 917 1691 non
939 1628 1081 1711 putabat,
1108 1631 1145 1692 ut
1166 1626 1236 1710 pul-

180 1732 224 1794 sis
254 1730 398 1795 hostibus
430 1732 494 1795 dici
524 1739 631 1816 posset
662 1751 715 1796 eos
748 1734 786 1796 ab
819 1751 853 1796 se
884 1753 942 1817 per
972 1732 1068 1796 fidem
1099 1734 1135 1796 in
1162 1750 1236 1794 con-

153 1837 288 1920 eloquio
308 1837 549 1902 circumventos.
594 1843 800 1922 posteaquam
823 1840 857 1902 in
875 1839 991 1923 vulgus
1012 1839 1150 1903 militum
1173 1838 1236 1900 ela-

179 1948 248 2006 tum
270 1946 327 2024 est,
350 1961 412 2025 qua
427 1945 606 2028 arrogantia
627 1946 663 2008 in
678 1945 847 2028 conloquio
863 1946 1042 2008 Ariovistus
1057 1964 1134 2008 usus
1150 1944 1237 2007 omui

181 2048 284 2114 Gallia
305 2048 458 2113 Romanis
484 2050 713 2132 interdixisset,
745 2052 962 2135 impetumque
990 2051 1085 2113 utin
1112 2055 1237 2112 nostros

181 2156 250 2218 eius
277 2155 399 2238 equites
425 2155 572 2220 fecissent
604 2175 704 2239 caque
731 2174 782 2220 res
814 2156 1018 2237 conloquium
1049 2154 1236 2233 diremisset,

180 2261 281 2325 multo
308 2262 408 2325 maior
434 2262 579 2326 alacritas
606 2262 810 2343 studiumque
832 2260 994 2345 pugnandi
1020 2260 1123 2322 maius
1146 2276 1237 2324 exer-

181 2368 259 2431 citui
280 2368 432 2432 iniectum
455 2374 509 2433 est

129 2477 161 2530 ti
269 2473 374 2536 Biduo
406 2480 478 2558 post
505 2475 687 2538 Ariovistus
718 2473 758 2536 ed
787 2472 953 2537 Gaesarem
983 2471 1103 2555 legatos
1135 2471 1235 2534 misit:

181 2579 262 2642 velle
285 2598 319 2643 se
343 2579 382 2643 de
404 2580 443 2644 iis
465 2579 574 2662 rebus,
603 2598 684 2661 quae
711 2579 794 2642 inter
821 2598 874 2643 ecs
902 2579 953 2662 agi
980 2583 1108 2662 coeptae
1131 2595 1236 2658 neque

180 2684 335 2768 perfectae
358 2690 475 2768 essent,
499 2703 591 2768 agere
611 2704 685 2749 cum
707 2703 760 2748 eo:
790 2687 835 2748 uti
856 2692 910 2749 cut
931 2686 1047 2748 iterum
1067 2684 1236 2765 conloquio

182 2790 266 2854 diem
286 2791 504 2874 constitueret,
528 2795 594 2874 cut,
617 2792 645 2855 si
662 2791 696 2854 id
713 2791 820 2854 minus
840 2791 946 2874 vellet,
970 2809 1013 2854 ex
1035 2791 1101 2854 suis
1125 2789 1236 2873 legatis

156 2897 321 2978 celiquem
347 2896 388 2959 ad
415 2915 449 2960 se
471 2897 616 2961 mitteret
663 2896 875 2978 conloquendi
902 2894 1026 2960 Caesari
1050 2914 1146 2960 causa
1168 2896 1236 2958 visa

181 3006 330 3083 nonest,
354 3008 386 3067 et
408 3021 445 3066 eo
468 3003 581 3085 magis,
605 3003 690 3084 quod
713 3002 814 3086 pridie
837 3004 905 3066 eius
929 3002 992 3066 diei
1015 3001 1165 3066 Germani
1187 3020 1236 3064 re-

155 3109 277 3173 etineri
294 3127 362 3171 non
376 3112 556 3192 potuerant,
580 3109 658 3190 quin
676 3109 738 3172 tela
755 3109 791 3172 in
808 3113 932 3171 nostros
950 3107 1117 3172 coicerent.
1150 3106 1236 3190 lega-

182 3220 251 3279 tum
270 3213 324 3298 [ex
335 3213 419 3298 esau]
444 3233 512 3278 sese
529 3227 645 3296 magno
665 3229 737 3276 cum
754 3213 893 3297 periculo
912 3213 952 3277 ad
970 3232 1041 3278 eum
1062 3213 1236 3276 missurum

155 3326 215 3384 aet
241 3321 426 3384 hominibus
452 3319 526 3384 feris
550 3320 747 3384 obiecturum
770 3318 976 3384 existimabat
1022 3318 1236 3382 commodissi-

183 3446 271 3490 mum
303 3427 408 3490 visum
440 3430 487 3490 est
514 3424 545 3489 G.
572 3426 735 3490 Valerium
758 3425 942 3506 Procillum,
975 3423 1006 3488 G.
1030 3424 1151 3489 Valerii
1179 3421 1236 3486 Cu-

183 3531 257 3595 buri
279 3532 393 3614 filium,
419 3551 543 3596 summa
569 3533 687 3596 virtute
714 3537 746 3596 et
771 3532 965 3596 hmnanitutc
993 3530 1236 3612 adulescentem,

184 3638 277 3702 cuius
306 3643 396 3722 pater
426 3658 444 3701 a
476 3636 509 3702 G.
533 3637 660 3702 Valerio
692 3636 804 3701 Flacco
836 3639 961 3701 civitate
994 3638 1128 3700 donatus
1159 3643 1236 3718 erat,

184 3748 216 3808 et
246 3748 373 3828 propter
402 3743 498 3808 fidem
530 3747 562 3808 et
593 3748 718 3827 propter
745 3743 872 3825 linguae
898 3743 1035 3807 Gallicae
1062 3741 1236 3823 scientium,

186 3869 250 3932 qua
272 3849 373 3914 multa
394 3851 458 3914 ium
477 3850 657 3913 Amovmtus
680 3849 854 3932 longinqua
876 3847 1105 3912 consuetudine
1127 3846 1237 3910 uteba-
