2738 4424
459 263 567 319 LIBER
583 263 644 319 VII.
664 264 740 320 OAP.
757 264 845 320 4-8.
1120 249 1182 312 135

127 432 182 492 est
227 443 265 490 eo
288 445 362 490 cum
376 427 528 509 venisset,
549 446 664 509 magua
683 425 866 491 difficultate
881 425 1099 509 adficiebatur,
1121 444 1211 508 quaa

129 534 249 598 ratione
271 532 311 596 ad
334 511 512 597 exercitum
538 534 704 617 pervenire
730 539 845 617 posset
889 551 965 596 nam
992 534 1020 597 01
1042 532 1211 616 legionesa

127 640 162 703 in
192 639 389 724 provinciam
415 645 598 721 arcesseret,
629 657 663 703 00
695 639 824 704 absente
855 640 890 701 in
920 638 1034 702 itinere
1064 639 1184 722 proelio

128 746 332 810 dimicaturas
354 745 570 829 intellegebat3
594 746 622 810 si
636 745 705 829 ipso
728 745 768 808 ad
784 746 959 809 exercitum
975 744 1212 827 contendereto

128 869 170 916 ne
196 852 236 916 110
260 850 388 933 quidem
415 870 452 915 οο
480 855 633 935 tempore,
661 852 716 934 qui
744 852 842 934 quieti
869 851 1067 933 viderentur,
1094 869 1186 914 suam

127 957 263 1022 salutem
284 961 369 1022 recte
391 958 544 1021 committi
566 957 701 1022 ridebat

216 1052 352 1128 Interim
373 1063 539 1128 Lucterius
562 1062 725 1128 Cadurcus
746 1064 782 1127 in
804 1063 945 1127 Rutenos
971 1062 1089 1127 missus
1116 1079 1220 1134 eamr

128 1172 288 1235 civitatem
315 1170 472 1234 Arvernis
499 1169 653 1233 conciliat.
703 1189 887 1254 progressus
917 1170 954 1233 in
983 1167 1213 1252 Nitiobrogesr

127 1280 160 1340 et
183 1275 319 1341 Gabalos
347 1275 386 1339 ab
413 1276 558 1357 utrisque
586 1275 711 1341 obsides
738 1276 852 1360 accipit
879 1281 911 1340 et
936 1294 1052 1359 magna
1078 1279 1187 1340 coacta

128 1401 227 1446 manu
248 1383 284 1446 11
305 1382 502 1467 provinciam
523 1381 705 1446 Narbonem
727 1400 838 1446 versus
853 1382 1068 1466 inruptionem
1083 1379 1186 1446 iacere

128 1489 299 1553 contendit
345 1507 408 1571 qua
429 1506 465 1552 re
486 1489 635 1552 nuntiata
649 1487 763 1552 Caesar
781 1488 927 1553 omnibus
943 1487 1084 1553 consiliis
1099 1491 1213 1554 ante-a

128 1594 318 1659 vertendum
345 1594 550 1677 existimavit,
578 1598 614 1657 ut
635 1594 817 1659 Narbonem
843 1593 1102 1678 proficisceretur.
1148 1611 1213 1664 eor

128 1718 203 1764 curn
229 1701 381 1783 venisset,
412 1701 558 1764 timentes
589 1699 766 1783 confirmat,
797 1701 955 1784 praesidia
985 1700 1020 1763 in
1051 1699 1186 1765 Rutenis

128 1806 389 1889 provincialibus,
410 1806 520 1870 Volcis
541 1806 751 1889 Arecomicis‚
776 1806 975 1870 Tolosatibus
1002 1806 1187 1889 circumque

127 1911 322 1988 Narbonem,
350 1930 432 1995 quae
458 1912 528 1975 loca
553 1911 698 1975 hostibus
726 1916 816 1976 erant
841 1911 989 1993 finitima,
1016 1911 1187 1995 coustituit,

127 2023 250 2102 partem
273 2018 437 2102 copiarum
453 2036 495 2082 011
509 2017 675 2101 provincia
689 2019 1021 2102 supplementumque,
1045 2016 1130 2100 quod
1144 2034 1212 2086 0110

127 2124 220 2188 ltalia
243 2124 433 2208 adduxerat,
456 2124 490 2187 in
513 2124 661 2206 HelvioS,
689 2124 745 2207 qui
766 2123 846 2188 fines
869 2127 1089 2188 Arvernorum
1112 2142 1187 2187 con·

127 2232 267 2314 tingunt,
290 2231 461 2295 convenire
483 2230 580 2295 iubet.
624 2229 685 2294 His
707 2230 803 2294 rebus
822 2230 1021 2314 comparatis,
1044 2244 1222 2312 repressos

127 2338 191 2400 iam
213 2335 359 2401 Lucterio
383 2342 414 2400 et
435 2341 569 2418 remoto,
592 2336 678 2420 qnod
700 2337 817 2400 intrare
834 2338 919 2400 intra
932 2335 1089 2420 praesidia
1103 2335 1185 2419 peri·

126 2443 272 2508 culosnm
294 2442 439 2526 putabat,
461 2443 496 2505 in
518 2443 651 2508 Helvios
672 2442 889 2527 proficiscitur.
935 2442 994 2507 etsi
1015 2461 1107 2506 mons
1126 2440 1211 2511 (le-2

126 2550 245 2632 benna,
269 2549 325 2631 qui
347 2530 510 2613 Arvernos
533 2549 571 2613 ab
595 2548 719 2614 Helviis
735 2549 897 2633 discludit,
921 2548 1090 2612 durissimo
1106 2553 1185 2613 tem·

126 2674 203 2740 pore
227 2655 304 2720 anni
327 2655 479 2718 altissima
500 2655 575 2720 nive
597 2656 659 2720 iter
680 2655 885 2739 impediebat,
913 2659 1021 2719 tamen
1043 2655 1185 2719 discussa

126 2763 202 2826 nive
232 2763 268 2825 in
295 2760 495 2825 altitudinem
521 2762 639 2845 pedum
665 2762 714 2826 VI
740 2767 835 2844 atque
866 2763 911 2826 ita
936 2762 997 2826 viis
1022 2761 1185 2845 patefactis

67 2910 69 2914 -
127 2886 252 2930 summo
283 2867 420 2931 militum
451 2867 557 2932 labore
591 2868 632 2931 ad
662 2867 742 2933 fines
777 2869 997 2932 Arvernorum
1032 2868 1184 2952 pervenit

128 2971 246 3054 quibus
269 2974 425 3055 oppressis
439 2973 691 3057 inopinantibus,
715 2975 801 3058 quod
820 2992 854 3038 00
870 2973 1020 3039 Cebenna
1041 2978 1079 3038 ut
1092 2991 1211 3041 muros

128 3077 268 3141 munitos
295 3077 519 3142 existimabant
550 3099 586 3142 00
617 3098 659 3143 10
686 3080 839 3164 singulari
871 3081 1001 3161 quidem
1032 3096 1185 3160 umquam

128 3183 250 3246 homini
272 3200 309 3246 eo
332 3187 473 3267 tempore
497 3187 573 3247 anni
595 3186 725 3250 semitae
748 3190 927 3269 patuerant,
951 3184 1111 3266 equitibus
1125 3185 1185 3247 im·

128 3293 230 3373 perat,
251 3292 300 3372 nt,
324 3307 419 3370 quam
433 3289 585 3354 latissime
599 3292 734 3373 possint,
753 3300 910 3374 vagentur
925 3295 957 3356 et
972 3308 1069 3372 quam
1083 3291 1185 3353 110111-

128 3414 219 3459 mum
240 3394 384 3458 hostibus
406 3399 557 3458 terrorem
579 3396 724 3459 inierant.
769 3397 914 3461 celeriter
935 3396 1013 3460 haec
1038 3394 1122 3459 fama
1148 3415 1212 3464 001

128 3501 237 3566 nuntii
270 3499 311 3564 ad
337 3500 630 3584 Vercingetorigem
657 3502 872 3585 perieruntnr3
907 3520 1001 3584 quem
1028 3503 1185 3585 perterriti

130 3625 240 3671 omnes
262 3606 400 3670 Arverni
423 3607 659 3671 circumsistunt
673 3612 768 3690 atque
791 3607 969 3691 obsecrant,
991 3611 1028 3671 ut
1042 3608 1108 3671 suis
1123 3607 1185 3672 for·

128 3713 216 3776 tuuis
239 3712 383 3776 consulat
409 3729 474 3778 neu
500 3731 535 3776 se
562 3712 601 3777 ab
628 3714 771 3778 hostibus
800 3713 894 3798 diripi
921 3714 1069 3797 patiatur,
1096 3732 1186 3798 prae-

129 3819 239 3883 sertim
261 3837 335 3882 cum
358 3817 464 3882 videat
486 3837 579 3884 omne
602 3819 642 3882 ad
664 3839 698 3884 se
720 3819 841 3884 bellum
867 3822 1061 3887 translatum.
1107 3841 1213 3906 quo-s

129 3923 278 3988 rumille
300 3923 632 4008 precibuapermotus
659 3931 761 3990 castra
788 3944 829 3990 ex
855 3927 1053 4012 Biturigibus
1079 3932 1187 3995 movet
