2738 4424
187 236 230 299 48
583 252 846 310 annnorumor

159 431 229 479 rex
251 412 366 496 oppido
390 414 588 497 eruptionem
609 414 760 479 fecerunt
806 414 962 500 celeriter,
985 419 1021 478 ut
1043 419 1115 478 ante
1132 411 1245 478 Caesar

171 517 407 601 imperaverat,
434 519 562 604 ignibus
589 519 821 604 significatione
848 521 931 586 faeta
953 539 995 585 ex
1016 521 1171 604 proximis
1193 538 1244 582 ca·

158 623 284 691 astellis
299 643 337 690 eo
352 644 542 689 concursum
558 631 612 709 est,
633 641 874 710 pugnatumque
893 626 932 690 ab
947 625 1091 690 hostibus
1106 627 1151 689 ita
1165 625 1244 689 acri·

186 736 234 793 ter
249 735 304 815 est,
320 736 356 795 ut
370 752 389 795 a
403 732 481 795 viris
495 731 631 795 fortibus
645 734 679 796 in
699 739 840 796 extrema
858 750 913 816 spe
931 733 1041 796 salutis
1063 732 1176 814 ianuo
1198 731 1244 795 le-

186 842 348 901 cocenim
370 856 437 920 eos,
460 838 516 920 qui
539 856 581 903 ex
600 839 683 902 vallo
703 839 909 922 turribusque
928 839 991 903 tela
1012 839 1163 920 iacerent,
1185 857 1244 921 pu-

185 944 277 1026 gnari
308 943 429 1026 debuit,
459 963 533 1008 cum
559 945 594 1006 iu
621 965 687 1008 una
714 945 833 1008 virtute
861 946 964 1008 omnis
991 963 1063 1028 spes
1094 945 1244 1009 consiste

159 1055 240 1117 aret.
286 1050 399 1114 occisis
430 1049 470 1112 ad
501 1050 667 1114 hominum
697 1050 827 1114 milibus
854 1051 920 1114 ΠΠ
951 1049 1068 1132 reliqui
1092 1050 1128 1113 in
1155 1050 1243 1133 oppi-

158 1180 171 1221 a
187 1154 262 1217 dum
276 1156 383 1219 relecti
406 1160 488 1220 sunt
534 1155 685 1239 postridie
708 1157 778 1221 eius
797 1155 862 1220 diei
876 1156 1018 1221 refractis
1033 1157 1144 1239 portis,
1168 1174 1243 1218 cum

184 1262 249 1323 iam
272 1261 452 1326 defenderet
478 1281 585 1345 nemo,
614 1268 709 1345 atque
736 1263 926 1326 intromissis
948 1261 1104 1325 militibus
1126 1262 1242 1325 nostris

157 1368 356 1437 rseetionem
378 1367 448 1432 eius
472 1368 578 1451 oppidi
601 1369 782 1432 universam
803 1367 918 1432 Caesar
939 1367 1092 1432 vendidit
1131 1367 1169 1431 ab
1192 1368 1242 1450 iis,

185 1473 241 1553 qui
264 1478 417 1555 emerant,
448 1474 586 1555 capitum
617 1492 769 1537 numerus
801 1473 841 1537 ad
868 1493 943 1539 eum
968 1474 1086 1538 relatus
1114 1477 1161 1537 est
1181 1473 1242 1536 mi-

183 1577 262 1640 lium
284 1575 367 1641 LIII.

129 1693 164 1771 al
270 1682 392 1748 Eodem
415 1689 555 1768 tempore
578 1704 597 1748 a
618 1685 654 1750 P.
670 1684 795 1768 Crasso,
819 1705 914 1768 quem
934 1705 1008 1749 cum
1029 1686 1154 1770 legione
1176 1705 1241 1749 una

182 1790 309 1853 miserat
331 1790 379 1863 ad¹
393 1791 542 1874 Venetos,
564 1791 725 1875 Venellos,
749 1790 898 1875 Osismos,
915 1789 1136 1875 Coriosolitas,
1158 1790 1241 1856 Esu-

182 1895 264 1979 vios,
286 1896 455 1977 Aulercos,
486 1897 642 1981 Redones,
674 1917 755 1980 quae
787 1902 862 1961 sunt
893 1899 1070 1962 maritimae
1097 1899 1241 1963 ciuitates

172 2000 409 2086 Oceanumque
431 2005 601 2088 attingunt,
628 2006 740 2068 certior
760 2003 862 2069 factus
885 2009 933 2069 est
955 2023 1065 2069 omnes
1088 2022 1141 2069 eas
1163 2006 1240 2069 civi-

181 2111 261 2173 tates
296 2110 332 2173 in
368 2109 526 2174 dictonem
564 2116 812 2194 potestatemque
852 2110 962 2196 populi
994 2109 1130 2174 Romani
1170 2129 1238 2174 esse

180 2215 332 2281 redactas.

127 2328 176 2385 εἰ).
268 2321 329 2388 His
350 2322 446 2388 rebus
467 2322 566 2407 gestis
589 2325 676 2387 omni
692 2323 795 2388 Gallia
809 2328 920 2408 pacata
941 2326 1028 2387 tanta
1049 2321 1144 2385 huius
1161 2320 1237 2384 belli

181 2427 221 2490 ad
243 2427 392 2493 barbaros
415 2431 522 2513 opinio
544 2429 663 2512 perlata
678 2434 733 2514 est,
757 2430 805 2493 uti
828 2429 866 2493 ab
884 2431 924 2493 iis
939 2426 1130 2508 nationibus,
1155 2445 1236 2509 quae

180 2537 267 2596 mans
288 2533 436 2598 Rhenum
457 2535 644 2619 incolerent,
667 2535 763 2619 legati
785 2535 825 2599 ad
841 2533 1006 2599 Caesarem
1027 2533 1235 2614 mitterentur,

181 2640 237 2721 qui
268 2659 302 2704 se
329 2639 454 2704 obsides
482 2641 622 2723 daturas,
652 2642 806 2724 imperata
836 2641 972 2704 iactamus
999 2638 1235 2722 pollicerentur.
1334 2715 1336 2718 Ι

153 2764 260 2827 aquas
282 2745 453 2828 legationes
476 2746 599 2831 Caesar,
623 2747 709 2831 quod
727 2749 762 2810 iu
776 2746 900 2811 ltaliam
910 2744 1141 2827 Illyricumque
1163 2763 1235 2827 pro-

153 2850 321 2932 sperabat,
343 2851 423 2915 Inita
445 2854 589 2936 proxima
612 2856 730 2917 aestate
753 2851 793 2915 ad
819 2869 853 2916 se
879 2851 995 2915 reverti
1021 2850 1121 2914 iussit.
1166 2850 1234 2932 ipse

150 2999 152 3004 ·
181 2958 214 3018 in
237 2956 403 3038 Carnutes,
429 2958 552 3041 Andes,
583 2959 725 3022 'Iurenos
758 2974 903 3040 quaeque
934 2956 1076 3020 civitates
1105 2957 1234 3040 propin-

181 3082 261 3145 quae
287 3063 328 3128 iis
349 3063 426 3127 locis
449 3069 550 3148 erant,
581 3065 639 3128 ubi
669 3063 789 3128 bellum
815 3067 967 3146 gesserat,
999 3061 1177 3146 legionibus
1199 3063 1234 3125 in

152 3169 312 3236 alriberna
343 3169 486 3234 deductis
522 3172 556 3233 in
586 3170 712 3234 Italiam
743 3169 902 3252 profectus
934 3174 989 3232 est
1044 3168 1084 3231 ob
1117 3186 1234 3250 easque

179 3295 230 3339 res
253 3295 294 3340 ex
315 3277 427 3340 litteris
450 3274 593 3340 Caesaris
609 3277 731 3339 dierum
746 3275 811 3339 XV
831 3274 1017 3359 supplicatio
1037 3272 1162 3336 decreta
1177 3277 1233 3356 est,

180 3382 266 3462 quod
287 3386 361 3446 ante
381 3381 416 3446 id
438 3386 561 3465 tempus
583 3381 698 3445 accidit
717 3380 807 3444 nulli

614 3665 804 3675 ---—--
