2738 4424
167 239 230 304 100
562 255 667 311 eum
685 254 825 312 GALLIOI

165 415 317 501 Iaracos,
340 415 559 500 Pleumoxios,
583 416 791 502 Geidumnos,
819 418 876 500 qui
898 436 1008 483 omnes
1031 415 1090 482 sub
1115 434 1227 481 eorum

166 521 298 605 imperio
323 526 410 607 sunt,
439 541 535 606 quam
556 524 714 588 maximas
736 528 881 608 possunt,
908 542 1022 587 manus
1049 526 1168 606 cogunt
1193 525 1228 587 et

168 627 206 692 de
229 627 400 711 improviso
428 628 467 692 ad
492 627 653 694 Ciceronis
680 628 814 694 hiberna
841 629 991 694 advolant
1016 628 1160 692 nondum
1187 627 1228 692 ad

141 752 242 798 reum
264 733 347 798 fama
369 732 409 799 de
431 734 545 798 Titurii
567 739 668 800 morte
690 735 818 819 perlata
863 735 938 800 huic
955 752 1082 818 quoque
1105 732 1228 816 accidit,

168 840 254 921 quod
279 839 341 905 tuit
366 858 509 923 necesse,
535 843 665 905 utnon
691 841 774 904 nulli
799 841 930 924 milites,
963 841 1019 923 qui
1045 839 1228 925 lignationis

166 946 417 1028 munitionisque
433 965 529 1010 causa
542 946 577 1010 in
592 945 689 1011 silvas
705 945 934 1030 discessissent,
956 947 1121 1030 repentino
1139 946 1228 1028 equi·

141 1056 236 1117 otum
268 1051 409 1116 adventu
439 1052 710 1137 interciperentur.
765 1053 816 1117 his
852 1052 1078 1119 circumuentis
1113 1070 1229 1136 magna

167 1176 266 1221 manu
287 1157 467 1240 Eburones,
494 1157 618 1242 Nervii,
640 1159 795 1223 Atuatuci
821 1163 916 1242 atque
944 1159 1058 1223 horum
1085 1157 1229 1222 omnium

168 1263 248 1327 socii
270 1269 303 1328 et
325 1264 454 1328 clientes
476 1264 633 1348 legionem
649 1283 832 1349 oppugnare
847 1264 1013 1349 incipiunt
1059 1264 1160 1328 nostri
1178 1281 1230 1327 ce·

141 1367 275 1434 cleriter
297 1369 338 1432 ad
361 1388 449 1433 arma
463 1374 669 1454 concurrunt,
692 1370 813 1434 vallum
827 1371 1055 1435 conscendunt
1093 1369 1229 1452 aegreis

170 1472 237 1538 dies
260 1478 465 1558 sustentatur,
493 1476 578 1557 quod
606 1494 733 1540 omnem
759 1495 849 1561 spem
874 1476 981 1540 hostes
1007 1476 1043 1539 in
1069 1475 1229 1540 celeritate

169 1578 330 1662 ponebant
361 1584 455 1662 atque
482 1580 565 1645 hanc
592 1581 698 1665 adepti
725 1582 892 1646 victoriam
918 1583 954 1646 in
980 1585 1169 1667 perpetuum
1195 1599 1229 1645 se

116 1701 153 1758 ιο
168 1685 235 1750 fore
267 1685 403 1751 victores
434 1685 643 1751 confidebant
688 1686 859 1752 Mittuntur
889 1688 930 1751 ad
958 1687 1124 1752 Gaesarem
1155 1704 1230 1750 con·

169 1791 272 1858 festim
295 1811 314 1855 a
337 1790 489 1858 Cicerone
515 1792 639 1858 litterae
665 1793 791 1878 magnis
817 1793 986 1877 propositis
1012 1792 1175 1876 praemiis,
1203 1792 1231 1856 si

170 1898 385 1984 pertulissent3
419 1899 555 1964 obsessis
587 1899 735 1964 omnibus
766 1899 828 1963 viis
854 1899 944 1963 missi
974 1899 1230 1983 intercipiuntur.

144 2011 267 2071 anoctu
290 2024 332 2070 ex
352 2005 498 2088 materia,
522 2024 618 2088 quam
631 2006 819 2070 munitionis
835 2023 930 2070 causa
948 2006 1230 2088 comportaverant,

171 2115 275 2177 turres
306 2111 477 2175 admodum
509 2110 602 2176 CXX
633 2111 814 2176 excitantm
843 2109 1024 2175 incredibili
1055 2108 1229 2190 coleritate3

144 2236 253 2300 aquae
272 2217 381 2282 deesse
400 2218 488 2302 operi
505 2216 708 2300 videbantur,
730 2214 946 2301 perficiunbm.
982 2215 1090 2280 hostes
1103 2220 1229 2300 postero

172 2323 223 2388 die
245 2324 345 2387 multo
367 2323 541 2387 maioribus
564 2323 681 2387 coactis
704 2323 802 2407 copiis
825 2325 927 2386 castra
949 2326 1146 2405 oppugnant,
1168 2321 1230 2385 fos·

144 2448 240 2495 asam
266 2429 432 2512 complent
477 2448 497 2492 a
518 2430 635 2493 nostris
658 2428 768 2493 eadem
790 2428 925 2512 ratione,
953 2446 1016 2510 qua
1037 2426 1154 2511 pridie,
1180 2444 1230 2491 re-

145 2535 301 2602 asistitur.
346 2535 406 2598 hoc
428 2534 514 2599 idem
536 2534 668 2617 reliquis
685 2534 836 2617 deinceps
850 2532 887 2597 fit
902 2532 1022 2598 diebus.
1054 2533 1144 2596 nulla
1157 2551 1231 2616 pars

170 2639 320 2703 nocturni
345 2640 497 2722 temporis
524 2640 564 2703 ad
594 2638 747 2726 laborem·
761 2640 993 2719 intermittitur3
1025 2656 1092 2702 non
1119 2639 1229 2722 aegris,

171 2763 238 2808 non
260 2743 434 2808 vulneratis
449 2744 581 2810 facultas
597 2746 714 2828 quietis
730 2745 831 2810 datur.
870 2762 1088 2834 quaecumque
1103 2744 1144 2807 ad
1158 2762 1230 2827 pro-

171 2850 252 2914 ximi
274 2851 338 2915 diei
360 2851 629 2934 oppugnationem
652 2870 731 2935 opus
758 2857 845 2936 sunt,
873 2856 969 2915 noctu
993 2855 1229 2935 comparantem

145 2981 159 3024 a
172 2957 289 3023 multae
312 2961 477 3041 praeustae
500 2957 608 3040 sudes,
629 2976 765 3041 magnus
780 2957 952 3021 muralium
966 2956 1104 3041 pilorum
1118 2975 1230 3021 nume·

172 3082 228 3128 rus
245 3064 435 3145 instituitm3
454 3067 558 3128 turres
575 3063 832 3146 contabulantur,
853 3064 970 3148 pinnae
988 3063 1169 3146 loricaeque
1188 3081 1230 3126 ex

147 3170 312 3237 conatibus
334 3174 543 3238 attexuntur..
571 3171 638 3254 ipse
661 3168 785 3253 cicero,
808 3188 881 3233 cum
902 3169 1086 3234 tenuissima
1109 3168 1230 3232 valetu-

174 3275 249 3340 dine
272 3280 366 3358 esset,
388 3295 429 3341 ne
451 3280 643 3341 noctumum
660 3277 789 3359 quidem
803 3274 865 3339 sibi
880 3279 1004 3359 tempus
1027 3274 1068 3338 ad
1091 3275 1230 3357 quietem

173 3381 385 3464 relinquebat,
407 3385 445 3446 ut
458 3382 542 3448 ultro
558 3382 696 3446 militum
711 3400 870 3446 concursu
884 3399 921 3444 ac
936 3380 1069 3445 vocibus
1084 3378 1146 3443 sibi
1160 3399 1230 3463 par-

121 3504 155 3558 41
174 3505 245 3552 cere
267 3491 439 3572 cogeretur.
483 3488 564 3552 Tum
586 3489 683 3553 duces
705 3488 926 3572 prmcipesque
947 3485 1152 3567 Nerviorum,
1174 3485 1231 3566 qui

174 3593 314 3676 aliquem
336 3594 491 3658 sermonis
513 3595 634 3659 aditum
656 3612 846 3676 causamque
869 3593 1027 3657 amicitiae
1049 3610 1123 3655 cum
1141 3588 1230 3654 Cice

71 3725 75 3732 ·
148 3717 252 3765 arone
274 3698 445 3784 habebant,
468 3699 618 3781 conloqui
635 3718 704 3764 seso
719 3700 802 3764 uelle
818 3699 935 3762 dicunt
972 3698 1056 3762 facta
1076 3697 1229 3782 potestate

176 3804 299 3887 eadem,
322 3823 403 3887 quae
417 3803 587 3868 Ambiorix
605 3823 678 3868 oum
691 3805 811 3868 Titurio
828 3807 946 3888 egerat,
969 3804 1227 3867 commemorant:

62 3966 65 3970 .
148 3928 303 3978 somnam
325 3929 393 4016 esse
415 3911 450 3974 in
473 3910 570 3974 armis
593 3909 740 3994 Galliam,
763 3909 936 3975 Germanos
958 3906 1107 3973 Rhenum
1128 3910 1230 3971 trans·
