2738 4424
440 231 548 285 LIBER
565 232 612 287 Vl.
632 231 707 287 cAP.
725 231 826 287 8-11.
1098 217 1160 280 115

109 395 202 474 atque
225 392 261 455 in
282 391 476 458 deditionem
490 397 655 476 venerant,
677 393 834 477 purgandi
850 393 901 457 sui
923 412 1020 458 causa
1034 393 1074 456 ad
1089 412 1163 457 eum

108 498 227 582 legatos
250 498 391 580 mittunt,
414 499 471 581 qui
486 499 620 563 doceant
636 516 741 580 neque
763 499 885 562 auxilia
900 518 940 564 ex
956 517 1014 562 sua
1036 499 1163 564 civitate

108 605 142 667 in
172 604 324 670 Treveros
354 605 451 669 missa
484 623 588 687 neque
625 604 664 668 ab
697 623 731 669 se
761 603 856 668 fidem
887 605 1019 686 laesam3
1052 605 1190 688 petuntr

110 715 205 795 atque
228 715 331 794 orant,
354 714 390 773 nt
411 709 473 773 sibi
494 714 614 793 porcat,
641 727 683 773 ne
706 711 867 774 communi
891 709 962 774 odio
991 710 1164 775 Germano-

109 837 181 881 rum
202 817 388 881 innooentes
401 836 459 900 pro
475 816 662 881 nocentibus
676 817 961 900 poenaspendant3
985 817 1013 880 si
1028 815 1165 898 amplius

111 922 257 987 obsidum
279 921 357 986 velit
379 920 460 1002 dari,
482 921 678 1004 pollicentur.
717 922 844 1006 cognita
866 920 982 986 Caesar
1004 940 1098 985 causa
1115 939 1191 989 res

110 1029 193 1113 perit
207 1028 246 1092 ab
262 1026 378 1092 Suebis
393 1027 513 1092 auxilia
527 1028 625 1092 missa
640 1045 721 1108 esse;
745 1027 904 1092 Ubiorum
920 1026 1164 1092 satisfactionem

111 1135 236 1218 ancipit,
259 1133 363 1197 aditus
378 1134 510 1216 viasque
525 1133 560 1196 in
575 1129 695 1196 Suebos
709 1134 871 1216 perquirit
908 1132 1041 1198 Interim
1054 1132 1165 1216 paucis
1183 1147 1218 1205 ιο

110 1244 181 1324 post
203 1238 315 1303 diebus
341 1237 378 1303 fit
400 1238 438 1302 ab
460 1238 554 1304 Ubiis
577 1239 692 1302 certior
718 1237 839 1302 Suebos
867 1255 976 1303 omnes
1002 1239 1038 1302 in
1064 1257 1165 1301 unum

110 1346 215 1410 locum
238 1345 345 1428 copias
367 1363 479 1428 cogere
494 1348 588 1427 atque
603 1345 643 1408 iis
658 1344 852 1426 nationibus,
877 1363 957 1427 quae
980 1343 1040 1408 sub
1055 1363 1166 1409 eorum

111 1453 176 1516 sint
189 1452 334 1535 imperio,
358 1449 557 1531 denuntiare,
580 1454 617 1514 ut
631 1450 751 1513 auxilia
765 1449 924 1533 peditatus
943 1450 1165 1534 equitatusque

111 1558 245 1621 mittant.
293 1557 344 1620 his
372 1556 505 1640 cognitis
531 1554 627 1621 rebus
650 1573 720 1619 rem
745 1555 982 1620 frumentariam
1012 1557 1192 1641 provideta

112 1664 221 1727 castris
244 1662 394 1725 idoneum
416 1662 524 1726 locum
546 1661 670 1746 deligit3
697 1661 791 1727 Ubiis
817 1663 962 1745 imperat,
990 1667 1026 1726 ut
1052 1681 1166 1745 pecora

113 1768 271 1833 deducant
304 1786 426 1849 suaque
459 1769 565 1832 omnia
598 1785 639 1831 ex
670 1767 753 1850 agris
784 1769 818 1831 in
850 1766 965 1851 oppida
996 1769 1166 1851 conferant,

112 1892 240 1958 sperans
262 1873 412 1938 barbaros
435 1879 530 1956 atque
552 1874 713 1957 imperitos
736 1872 881 1938 homines
903 1873 1010 1955 inopia
1032 1874 1166 1937 cibario-

111 1999 183 2044 rum
210 1978 364 2042 adductos
396 1978 435 2043 ad
466 1979 610 2061 iniquam
636 1977 800 2062 pugnandi
827 1978 1046 2044 condicionem
1074 1996 1166 2062 posse

113 2085 241 2164 deduci;
260 2084 401 2166 mandat,
420 2088 456 2148 ut
470 2084 596 2149 crebros
611 2084 825 2168 exploratores
839 2085 874 2148 in
894 2082 1015 2149 Suebos
1033 2085 1193 2169 mittente

113 2209 258 2273 quaeque
277 2189 361 2273 apud
379 2208 432 2254 eos
449 2195 613 2274 gerantur,
636 2194 833 2274 cognoscant
878 2191 926 2254 illi
947 2190 1101 2273 imperata
1121 2190 1194 2258 fae

113 2297 202 2361 ciunt
223 2301 255 2361 et
276 2296 388 2380 paucis
404 2295 516 2361 diebus
530 2297 717 2360 intermissis
733 2296 887 2361 referunt:
913 2295 1034 2360 Suebos
1049 2315 1167 2380 omnes,

112 2408 318 2488 posteaquam
340 2403 489 2466 certiores
511 2403 617 2466 nuntii
645 2400 684 2466 de
711 2403 854 2467 exercitu
876 2403 1093 2467 Romanorum
1114 2421 1169 2468 ve-

113 2511 230 2594 nerint,
253 2529 327 2574 cum
351 2508 498 2572 omnibus
521 2509 588 2572 suis
610 2509 832 2590 sociorumque
855 2509 967 2592 copiis,
995 2527 1074 2591 quas
1099 2513 1169 2574 coe·-

114 2618 245 2701 gissent,
258 2662 261 2667 -
276 2616 404 2700 penitus
435 2615 476 2679 ad
507 2619 665 2678 extremos
691 2612 772 2679 fines
799 2632 833 2678 se
859 2616 1028 2698 recepiss03
1057 2616 1195 2683 silvams

114 2741 182 2788 esse
213 2720 259 2786 ibi
289 2720 414 2785 infinita
446 2720 676 2804 magnitudine,
709 2739 791 2805 quae
822 2721 996 2804 appelletur
1021 2721 1168 2803 Bacenis3

114 2828 195 2893 hanc
217 2828 311 2912 longe
325 2829 481 2891 introrsus
495 2828 653 2911 pertinere
668 2831 701 2891 ot
713 2846 771 2910 pro
785 2828 893 2891 nativo
908 2846 999 2891 muro
1015 2827 1170 2892 obiectam

116 2934 291 2998 Cheruscos
314 2932 354 2996 ab
377 2931 554 2996 Sueborum
576 2932 761 3015 Suebosque
780 2932 819 2998 ab
836 2931 1066 2998 Cheruscorum
1087 2934 1171 2997 iniu-

115 3040 172 3103 riis
198 3038 496 3121 incursionibusque
527 3038 708 3122 probibere:
742 3038 782 3100 ad
814 3039 882 3103 eius
914 3039 1013 3103 silvae
1046 3039 1172 3102 initium

116 3142 237 3208 Suebos
261 3143 434 3208 adventum
456 3142 671 3208 Romanorum
695 3148 860 3227 expectare
884 3145 1092 3209 constituisse.

206 3247 364 3325 Quoniam
386 3249 526 3312 adhunc
541 3250 647 3313 locum
668 3254 855 3333 perventum
871 3253 930 3331 est,
952 3268 1018 3312 non
1034 3249 1173 3314 alienum
1190 3269 1224 3325 11

118 3374 187 3421 esse
217 3355 344 3419 videtur
375 3353 414 3418 de
443 3354 562 3418 Galliae
589 3354 838 3437 Germaniaeque
864 3354 1006 3418 moribus
1038 3359 1082 3438 et,
1110 3374 1172 3438 quo

118 3461 264 3526 differant
294 3461 353 3524 hae
379 3461 522 3524 nationes
548 3461 631 3523 inter
662 3479 742 3542 sese,
777 3479 959 3544 proponere.
1005 3461 1040 3523 in
1073 3459 1200 3532 Gallias

118 3586 183 3630 non
206 3566 310 3631 solum
331 3566 367 3630 in
390 3565 536 3630 omnibus
559 3564 739 3629 civitatibus
754 3571 849 3647 atque
863 3567 899 3630 in
922 3566 1069 3631 omnibus
1083 3567 1173 3651 pagis

117 3673 337 3759 partibusque,
360 3671 417 3736 sed
435 3690 534 3755 paene
550 3672 646 3752 etiam
661 3672 696 3734 in
711 3671 846 3755 singulis
862 3672 1009 3736 domibus
1023 3673 1174 3737 factiones

118 3785 205 3863 sunt,
232 3796 406 3860 earumque
431 3778 605 3841 factionum
632 3777 790 3860 principes
817 3782 903 3862 sunt,
936 3779 992 3861 qui
1019 3799 1201 3848 summama

118 3886 338 3953 auctoritatem
361 3903 471 3950 eorum
493 3883 613 3948 iudicio
637 3883 752 3948 habero
775 3885 1011 3967 existimantur,
1039 3905 1175 3968 quorum

980 4005 1017 4062 8*
