2738 4424
165 242 206 306 ⁶2
560 259 823 318 ammonemur

128 424 146 480 'l
252 419 313 485 His
334 419 431 485 rebus
452 422 549 505 gestis
572 441 646 486 oum
661 423 809 488 omnibus
824 423 864 490 de
878 424 983 489 causis
999 424 1113 490 Caesar
1127 442 1220 508 paca·

164 531 228 591 tam
251 527 385 591 Galliam
407 527 603 593 existimaret
635 527 800 613 [superatis
826 530 948 614 Belgis,
977 530 1119 614 expulsis
1142 528 1220 593 Ger-

164 634 279 718 manis,
302 634 394 698 victis
411 633 447 697 in
461 622 598 717 Alpibus
613 633 769 720 Sedunis,]
794 639 889 719 atque
911 636 957 700 ita
973 636 1052 700 inita
1065 635 1169 699 hieme
1184 636 1220 698 in

165 738 331 821 Illyricum
348 739 506 822 profectus
529 743 619 822 esset,
642 741 728 824 quod
743 759 796 806 eas
812 759 941 824 quoque
964 742 1108 806 nationes
1131 740 1219 807 adire

165 850 197 910 et
218 845 363 928 regiones
386 863 575 928 cognoscere
597 845 735 929 volebat,
757 847 897 911 subitum
921 847 1040 912 bellum
1062 848 1096 910 in
1117 845 1220 911 Gallia

138 957 309 1017 aooortum
341 954 396 1016 est
450 951 519 1016 eius
553 950 631 1017 belli
666 952 744 1018 haec
779 953 840 1016 fuit
872 971 975 1017 causa.
1029 953 1064 1018 P.
1089 950 1219 1017 Crassus

165 1058 352 1123 adulescens
384 1076 456 1121 cum
487 1057 611 1141 legione
638 1058 710 1122 vn.
737 1060 902 1142 proximus
937 1077 1024 1124 mare
1056 1057 1219 1123 Oceanum

137 1164 199 1227 ain
221 1163 369 1227 Andibus
391 1162 556 1227 hiemabat
600 1163 641 1244 is,
670 1163 756 1246 quod
781 1164 816 1226 in
842 1164 892 1228 his
918 1164 997 1229 locis
1023 1163 1131 1247 inopia
1153 1163 1218 1226 iru-

164 1270 264 1336 menti
301 1273 379 1350 erat‚
416 1268 587 1351 praefectos
623 1268 831 1353 tribunosque
867 1269 1003 1333 militum
1041 1269 1218 1353 complures

165 1378 200 1440 in
230 1374 381 1439 finitimas
417 1375 559 1438 civitates
593 1374 746 1440 frumenti
781 1393 878 1439 causa
914 1375 1045 1457 dimisit3
1088 1394 1151 1457 quo
1184 1376 1218 1440 in
1283 1377 1285 1379 ’

137 1485 297 1547 enumero
330 1485 378 1545 est
406 1479 438 1543 Τ.
460 1479 656 1544 Terrasidius
687 1481 802 1545 missus
833 1481 868 1544 in
899 1479 1049 1564 Esurios,
1081 1480 1122 1545 lt
1145 1481 1218 1546 Tre-

165 1587 236 1652 bius
268 1586 377 1651 Gallus
409 1586 444 1649 in
476 1585 689 1671 Coriosolitas,
726 1585 760 1662 Q.
788 1586 942 1652 Velanius
974 1606 1048 1651 oum
1078 1587 1109 1651 Τ.
1139 1585 1217 1651 Silio

128 1695 199 1762 tin
220 1694 367 1757 Venetos.
413 1692 518 1756 Huius
545 1695 592 1756 est
618 1692 753 1756 civitatis
775 1693 868 1777 longe
896 1693 1089 1777 amplissima
1110 1698 1219 1757 auoto-

163 1802 239 1864 ritas
270 1799 373 1864 omnis
405 1816 477 1863 orae
508 1798 684 1863 maritimae
715 1799 879 1882 regionum
911 1817 1033 1882 earum,
1070 1799 1155 1882 quod
1187 1803 1219 1862 et

162 1924 260 1970 nares
295 1904 413 1969 habent
442 1904 559 1968 Veneti
593 1904 758 1988 plurimas,
801 1904 917 1987 quibus
953 1905 988 1968 in
1019 1904 1218 1969 Britanniam

162 2013 312 2096 navigare
344 2013 549 2093 consuerunt,
581 2013 612 2073 et
638 2010 772 2074 scientia
797 2016 893 2092 atque
920 2029 982 2074 usu
1008 2029 1116 2075 rerum
1138 2029 1218 2073 nau-

163 2119 297 2182 ticarum
328 2121 448 2181 ceteros
480 2116 670 2181 antecedunt
701 2119 733 2181 et
763 2116 797 2179 in
827 2135 942 2200 magno
975 2117 1096 2200 impetu
1122 2116 1218 2179 maris

163 2225 244 2288 vasti
277 2228 372 2306 atque
404 2223 503 2306 aperti
530 2223 638 2307 paucis
669 2222 812 2306 portibus
843 2222 1029 2305 interiectis,
1062 2240 1141 2305 quos
1172 2225 1218 2285 te-

164 2335 243 2397 nent
260 2330 330 2413 ipsi,
353 2348 462 2395 omnes
481 2329 553 2412 fere,
577 2329 632 2411 qui
652 2347 689 2392 eo
709 2329 789 2392 mari
808 2329 854 2392 uti
875 2331 1081 2411 consuerunt,
1101 2326 1219 2391 habent

137 2436 340 2519 avectigales.
385 2434 424 2498 ab
447 2435 496 2498 his
518 2433 554 2497 fit
580 2434 706 2497 initium
728 2433 886 2499 retinendi
909 2433 980 2498 Silii
1006 2438 1100 2517 atque
1122 2433 1217 2497 Vela

162 2542 217 2623 nii,
241 2540 326 2623 quod
348 2559 405 2623 per
427 2559 480 2604 eos
502 2558 577 2603 suos
600 2558 634 2605 se
654 2539 791 2622 obsides,
815 2559 895 2625 quos
913 2539 1024 2605 Crasso
1049 2538 1216 2622 dedissent

136 2650 402 2729 srecuperaturos
419 2644 651 2710 existimabant
674 2644 788 2708 horum
809 2647 993 2710 auctoritate
1012 2644 1140 2708 finitimi
1162 2645 1217 2708 ad·

163 2753 301 2816 ducti-
310 2755 346 2814 ut
361 2756 437 2815 sunt
451 2750 613 2815 Gallorum
627 2751 733 2816 subita
747 2756 779 2816 et
792 2751 958 2836 repentina
973 2751 1104 2816 consilia
1113 2788 1153 2798 —
1165 2770 1216 2816 ea-

163 2857 234 2922 dem
251 2858 290 2922 de
306 2876 401 2921 causa
414 2855 562 2920 Trebium
574 2857 848 2940 Terrasidiumque
862 2857 1002 2923 retinent
1023 2861 1054 2920 et
1073 2857 1216 2921 celeriter

162 2963 266 3028 missis
288 2964 399 3048 legatis
420 2983 477 3047 per
504 2982 578 3027 suos
599 2964 759 3048 principes
782 2964 865 3027 inter
886 2981 920 3028 se
948 2964 1114 3026 coniurant
1136 2962 1215 3024 nihil

161 3071 223 3134 nisi
246 3070 407 3135 communi
430 3069 562 3133 consilio
578 3073 703 3133 acturos
723 3069 923 3152 eundemque
939 3087 1047 3132 omnes
1070 3068 1215 3131 fortunae

135 3178 285 3241 ueritum
307 3194 375 3241 esse
393 3175 525 3259 latinos,
547 3175 749 3259 reliquasque
764 3175 905 3238 civitates
921 3174 1099 3256 sollicitant,
1122 3177 1159 3237 ut
1181 3175 1215 3237 in

163 3301 199 3348 ea
229 3282 390 3367 libertate,
423 3301 518 3365 quam
549 3301 568 3344 a
598 3280 771 3345 maioribus
807 3282 996 3364 acceperint,
1031 3299 1214 3363 permanere

135 3407 258 3472 squam
280 3389 496 3454 Romanorum
518 3389 700 3452 servitutem
723 3389 858 3471 perferre
881 3387 999 3449 malint
1050 3387 1136 3448 omni
1160 3405 1215 3450 ora

161 3496 320 3558 maritima
330 3495 473 3560 celeriter
487 3494 527 3558 ad
541 3513 631 3559 suam
646 3495 834 3559 sententiam
849 3492 1000 3576 perducta
1014 3509 1214 3555 communem

161 3600 350 3685 legationem
382 3601 422 3664 ad
445 3600 479 3664 P.
503 3599 650 3664 Crassum
680 3601 823 3663 mittrmt:
856 3600 883 3663 si
913 3599 991 3662 velit
1021 3616 1096 3661 suos
1123 3615 1213 3660 recu-

126 3714 271 3789 tperare
303 3706 428 3772 obsides
451 3706 510 3770 sibi
533 3707 678 3770 remittat
725 3704 847 3781 Quibus
875 3703 912 3769 de
939 3702 1034 3769 rebus
1058 3701 1213 3766 Caesare

162 3807 272 3876 Crasso
295 3814 409 3877 certior
430 3813 540 3896 iactus
563 3811 648 3895 quod
670 3812 738 3894 ipse
761 3811 868 3875 aberat
888 3809 1022 3893 longius,
1045 3826 1142 3872 naves
1165 3808 1212 3870 in-

161 3918 253 3982 terim
275 3918 386 4002 longas
408 3917 566 3983 aedificari
587 3918 622 3982 in
643 3916 775 3981 flumine
798 3915 915 4000 Ligeri,
943 3914 1029 3998 quod
1052 3913 1157 3977 influit
1179 3914 1212 3976 in
