2738 4424
185 253 247 318 160
577 270 682 325 BELLI
700 269 840 326 GAIJJOI

155 436 350 513 erupenmt,
372 431 433 515 ipsi
451 451 494 497 ex
512 431 655 496 finitimis
674 431 855 516 regionibus
876 432 982 516 copias
1000 448 1125 514 eogere,
1147 447 1239 513 prae-

182 535 263 600 sidia
278 536 501 620 custodiasque
524 538 564 601 ad
578 539 662 623 ripas
677 537 799 621 Ligeris
814 537 981 622 disponere
997 536 1237 618 equitatumque

183 641 328 707 omnibus
351 642 429 707 locis
451 643 603 708 iniciendi
627 644 749 708 timoris
767 662 863 708 eausa
881 647 1037 708 ostentare
1056 646 1237 725 coeperunt,

182 748 210 813 si
236 747 275 811 ab
302 768 337 814 re
363 749 567 814 frumentaria
593 748 751 814 Romanos
783 749 953 815 excludere
985 746 1054 832 [aut
1084 746 1239 811 adductos

142 877 169 920 10
182 853 289 937 inopia
313 872 355 919 ex
381 855 545 938 provincia
572 853 740 939 expellere]
771 860 908 938 possent
958 872 1055 938 quam
1082 852 1123 916 ad
1149 871 1238 936 spem

182 960 318 1023 multum
333 980 387 1025 eos
402 959 582 1044 adiuvabat,
606 960 692 1043 quod
706 959 801 1045 Liger
820 980 862 1025 ex
881 959 1010 1024 nivibus
1025 962 1178 1042 creverat,
1201 964 1239 1021 ut

128 1080 165 1136 sc
183 1066 310 1129 omnino
333 1066 414 1130 vado
436 1085 502 1130 non
523 1084 616 1149 posse
640 1067 768 1130 transiri
791 1065 958 1131 videretur.
997 1063 1120 1141 Quibus
1141 1064 1239 1129 rebus

181 1171 315 1255 cognitis
338 1170 452 1236 Caesar
473 1172 698 1236 maturandum
720 1171 781 1237 sibi
796 1171 933 1255 censuit,
956 1172 983 1236 si
1006 1178 1089 1236 esset
1110 1171 1145 1234 in
1166 1189 1238 1255 per-

181 1277 325 1342 ficiendis
351 1277 500 1361 pontibus
526 1278 781 1362 periclitandum,
813 1283 849 1342 ut
873 1278 976 1362 prius,
1008 1297 1104 1358 quam
1132 1283 1239 1342 essent

155 1384 318 1448 amaiores
340 1402 377 1448 eo
400 1389 525 1447 coactae
548 1385 669 1466 copiae,
693 1383 862 1448 dimicaret
898 1403 974 1447 nam
987 1403 1029 1448 ne
1045 1388 1237 1447 commutato

183 1487 315 1551 oonsilio
347 1489 408 1551 iter
442 1489 477 1552 in
507 1491 702 1572 provinciam
733 1494 940 1571 converteret,
972 1497 1008 1553 ut
1043 1508 1108 1553 non
1142 1508 1237 1554 nemo

182 1600 250 1656 tum
279 1593 407 1675 quidem
434 1596 610 1659 necessario
636 1594 820 1658 faciundum
847 1596 1062 1677 existimabat,
1089 1614 1162 1659 cum
1188 1594 1237 1657 in-

181 1699 277 1762 famia
307 1705 401 1782 atque
432 1700 605 1783 indignitas
636 1701 683 1764 rei
714 1707 744 1764 et
775 1701 938 1784 oppositus
968 1721 1061 1765 mons
1088 1699 1238 1765 Cebenna

183 1805 370 1888 viarumque
393 1805 559 1870 difficultas
580 1806 784 1890 impediebat,
807 1811 876 1871 tum
897 1808 1050 1889 maxime,
1074 1807 1160 1889 quod
1183 1806 1237 1871 ab·

181 1911 292 1975 iuncto
318 1910 456 1976 Labiene
489 1919 584 1993 atque
610 1913 650 1976 iis
677 1912 869 1997 legionibus,
902 1933 981 1996 quas
1007 1933 1073 1977 una
1098 1913 1237 1994 miserat,

154 2018 385 2083 avehementer
415 2018 553 2083 timebat
607 2019 715 2100 itaque
747 2019 915 2082 admodum
952 2020 1075 2103 magnis
1114 2017 1236 2082 diurnis

182 2124 410 2206 nocturnisque
425 2124 591 2189 itineribus
607 2125 757 2189 confectis
772 2130 881 2189 contra
896 2125 1039 2188 omnium
1055 2124 1236 2207 opinionem

155 2230 223 2293 aad
249 2229 388 2313 Iigerim
414 2232 503 2294 venit
528 2229 673 2313 vadoque
705 2249 762 2314 per
789 2231 913 2314 equites
944 2231 1074 2296 invento
1105 2249 1162 2314 pro
1188 2230 1237 2295 rei

181 2337 369 2401 necessitate
397 2343 565 2419 oportuno,
593 2344 630 2399 ut
656 2336 801 2400 bracchia
827 2336 921 2400 modo
949 2343 1044 2418 atque
1070 2336 1171 2399 umeri
1195 2335 1236 2399 ad

182 2441 368 2505 sustinenda
398 2461 486 2504 arma
516 2441 608 2507 liberi
640 2441 679 2505 ab
707 2461 791 2525 aqua
817 2460 886 2507 asse
912 2448 1053 2526 possent,
1084 2442 1236 2525 disposite

183 2547 339 2628 equitatu,
376 2548 432 2629 qui
464 2549 529 2610 vim
560 2547 701 2611 fluminis
732 2548 930 2632 refringeret,
967 2554 1062 2631 atque
1093 2547 1236 2612 hostibus

182 2651 283 2734 primo
307 2661 435 2734 aspectu
462 2653 650 2736 perturbatis
678 2654 870 2719 incolumem
898 2655 1073 2718 exercitum
1095 2653 1238 2718 uadunt

156 2757 439 2840 sbnmentumque
466 2759 501 2820 in
523 2759 606 2842 agn's
634 2765 665 2824 et
688 2760 810 2843 peeoris
833 2760 956 2843 copiam
982 2766 1094 2825 nactus
1116 2759 1236 2844 repleto

183 2863 232 2927 bis
254 2861 350 2926 rebus
372 2865 515 2927 exercitu
536 2864 597 2928 iter
618 2865 653 2929 in
675 2862 816 2929 Senones
838 2866 940 2930 facere
962 2867 1108 2931 instituit

127 2978 164 3035 bt
271 2966 357 3031 Dum
375 2969 453 3034 haec
471 2969 555 3053 apud
571 2968 735 3035 Gaesarem
749 2976 915 3056 geruntur,
937 2971 1095 3036 Labienus
1110 2991 1147 3037 eo
1163 2992 1236 3055 sup·

183 3075 356 3158 plemento,
379 3074 465 3156 quod
487 3094 589 3159 nuper
612 3095 653 3141 ex
674 3075 766 3139 ltalia
781 3082 924 3158 venerat,
946 3077 1056 3141 relicto
1070 3077 1236 3160 Agedinci,

185 3189 220 3243 ut
242 3186 325 3246 esset
345 3181 580 3265 impedimentis
601 3181 770 3265 praesidio,
793 3201 867 3247 cum
889 3183 955 3246 1111
977 3181 1155 3266 legionibus
1173 3182 1237 3247 Lu-

184 3287 292 3351 tetiam
314 3287 531 3371 proficiscitur.
575 3287 608 3351 id
635 3294 683 3354 est
705 3288 855 3372 oppidum
878 3287 1073 3352 Parisiorum
1098 3290 1237 3372 positum

156 3392 219 3455 ain
241 3391 345 3456 insula
367 3392 508 3457 fluminis
532 3392 704 3474 Sequanae.
750 3395 841 3459 cuius
866 3394 1005 3460 adventu
1032 3394 1072 3458 ab
1094 3394 1237 3459 hostibus

186 3499 310 3581 cognito
326 3517 458 3581 magnae
476 3518 517 3562 ex
531 3498 674 3564 finitimis
690 3499 870 3565 civitatibus
888 3501 997 3584 copiae
1012 3507 1236 3568 convenerunt.

157 3620 310 3666 asumma
335 3605 459 3687 imperii
486 3604 620 3668 traditur
643 3603 856 3688 Camulogeno
879 3607 1032 3688 Auleroo,
1060 3608 1115 3688 qui
1140 3626 1237 3691 prope

186 3709 346 3774 confectus
373 3716 473 3773 aetate
501 3716 606 3773 tamen
632 3715 760 3794 propter
785 3711 979 3796 singularem
1006 3713 1169 3776 scientiam
1190 3713 1238 3777 rei

157 3814 332 3879 amilitaris
355 3814 395 3878 ad
418 3835 491 3879 eum
515 3822 561 3879 est
581 3816 735 3880 honorem
759 3823 914 3880 evocatus.
953 3817 1077 3881 iscum
1100 3818 1238 3881 animad-

186 3922 334 3985 vertisset
355 3929 539 4005 perpetuam
567 3940 635 3985 esse
661 3922 822 4005 paludem,
849 3941 929 4004 quae
957 3922 1104 3987 influeret
1130 3925 1163 3985 in
1185 3922 1240 3989 Se-
