2738 4424
464 286 572 342 LIBER
589 288 623 342 V.
643 287 720 343 clf.
740 289 821 345 1-5.
1132 273 1173 338 83

118 449 218 513 nostri
250 449 410 514 exercitus
437 451 595 532 perterriti
623 450 664 513 ad
691 448 856 515 Caesarem
882 454 1041 515 venerunt
1072 454 1104 514 et
1135 449 1175 518 do

118 556 186 619 suis
208 555 340 639 privatis
363 554 459 619 rebus
482 554 521 619 ab
541 574 578 620 eo
600 560 706 640 petere
725 560 907 639 coeperunt,
930 557 1080 639 quoniam
1099 557 1174 620 civi-

118 662 175 726 tati
198 661 364 725 consulere
387 679 451 725 non
473 666 615 745 possent,
637 663 771 744 veritus,
793 680 834 726 ne
856 662 896 725 ab
913 661 1061 726 omnibus
1085 662 1173 727 dese·

116 772 253 849 reretur,
275 767 394 850 legatos
417 767 458 831 ad
481 767 647 832 Caesarem
669 769 778 832 mittit:
807 785 876 832 sese
898 768 1016 832 idcirco
1045 767 1084 834 ab
1107 768 1199 837 suut

119 872 279 939 discedere
303 879 397 956 atque
420 873 460 938 ad
479 892 552 938 eum
571 875 681 939 venire
699 874 853 956 noluisse,
877 893 940 957 quc
955 873 1081 940 facilius
1096 874 1173 939 civi-

117 984 213 1044 tatem
235 981 269 1044 in
293 979 396 1044 officio
420 981 609 1061 contineret,
635 999 676 1044 ne
700 981 802 1044 omnis
829 979 1004 1044 nobilitatis
1032 980 1173 1051 discessu

116 1085 207 1169 plebs
227 1092 354 1170 propter
371 1085 616 1169 imprudentiam
634 1084 806 1167 laberetur3
830 1086 937 1167 itaque
956 1086 1116 1151 civitatem
1137 1087 1198 1155 ἱππ

116 1211 174 1257 sua
196 1197 349 1276 potestate
372 1210 454 1274 esse,
479 1211 590 1274 seque,
613 1192 640 1256 si
664 1191 779 1256 Caesar
800 1193 1007 1275 permitteret,
1034 1192 1075 1256 ad
1097 1212 1171 1261 eum

115 1299 150 1363 in
173 1304 276 1363 castra
298 1305 467 1362 venturum
490 1302 523 1363 et
544 1317 618 1361 suas
641 1298 841 1380 civitatisque
855 1297 998 1363 fortunas
1012 1299 1082 1363 eius
1096 1297 1171 1364 fidei

114 1406 351 1488 permissurum.
397 1402 523 1487 Caesar,
546 1404 604 1468 etsi
627 1403 843 1487 intellegebat,
867 1404 992 1485 quade
1015 1421 1205 1474 causaest

115 1511 297 1576 dicerentur
320 1529 465 1592 quaeque
491 1528 565 1574 eum
591 1529 643 1574 res
670 1509 709 1572 ab
737 1511 880 1574 instituto
907 1510 1040 1573 consilio
1069 1505 1169 1579 detar-

113 1622 209 1698 reret,
241 1621 360 1699 tamen,
388 1635 428 1681 ne
456 1621 606 1681 aestatem
632 1617 668 1679 in
693 1616 837 1681 Treveris
864 1634 1051 1681 consumere
1078 1635 1169 1701 coge-

112 1729 201 1787 retur
223 1721 371 1786 omnibus
392 1721 488 1787 rebus
515 1722 556 1785 ad
577 1722 798 1786 Britannicum
824 1720 945 1786 bellum
972 1723 1168 1807 comparatis,

112 1829 367 1893 Indutiomarum
389 1828 428 1892 ad
451 1847 485 1892 se
508 1847 581 1891 cum
605 1825 655 1891 00
671 1827 835 1891 obsidibus
849 1829 959 1893 venire
980 1828 1081 1892 iussit
1118 1828 1194 1896 blaa

113 1936 271 2016 adductis,
302 1935 334 1997 in
363 1935 403 1998 iis
430 1933 495 1998 filio
522 1934 773 2018 propinquisque
802 1935 872 1998 eius
899 1933 1060 2018 omnibus,
1087 1953 1167 2017 quos

112 2041 298 2105 nominatim
322 2044 521 2122 evocaverat,
543 2039 725 2104 consolatus
739 2039 994 2103 Indutiomarum
1012 2039 1167 2108 homas·

112 2167 174 2231 que
197 2152 257 2230 est,
280 2147 328 2210 uti
349 2147 384 2210 in
407 2145 510 2210 officio
532 2150 688 2226 maneret3
712 2146 811 2209 nihilo
830 2150 938 2210 tamen
960 2146 1059 2210 setius
1081 2147 1193 2230 prin-e

111 2254 235 2337 cipibus
256 2253 464 2317 Treverorum
488 2251 528 2315 ad
550 2269 585 2316 se
607 2252 788 2316 convocatis
810 2252 868 2315 hos
886 2251 1071 2335 singillatim
1093 2251 1167 2316 Oin-

109 2360 244 2444 getorigi
275 2359 469 2442 conciliavit,
501 2357 588 2440 quod
618 2376 693 2422 cum
724 2358 837 2423 merito
869 2357 1004 2422 eiusab
1032 2374 1067 2422 se
1097 2356 1165 2423 fieri

109 2464 324 2549 intellegebat,
347 2469 415 2529 tum
437 2465 544 2548 magni
567 2465 719 2528 interesse
735 2462 945 2527 arbitrabatur
967 2464 1037 2529 eius
1059 2469 1165 2529 aucto-

109 2573 233 2636 ritatem
255 2573 339 2635 inter
360 2589 436 2635 suos
453 2570 737 2654 quamplurimum
751 2569 870 2652 valere,
892 2570 984 2634 cuius
998 2575 1063 2634 tam
1078 2588 1166 2653 egre-

109 2679 194 2762 giam
216 2679 250 2742 in
272 2697 307 2743 se
330 2677 527 2741 voluntatem
553 2677 772 2760 perspexisset.
822 2675 857 2739 id
883 2676 1002 2740 factum
1028 2677 1192 2760 graviterr

110 2784 183 2849 tulit
200 2783 437 2848 Indutiomarus
457 2781 559 2866 [suam
573 2784 707 2866 gratiam
721 2783 806 2846 inter
820 2800 895 2847 suos
916 2781 1031 2866 minui]
1051 2787 1095 2865 et,
1110 2784 1166 2866 qui

109 2891 172 2953 iam
196 2895 268 2953 ante
289 2889 420 2953 inImico
441 2888 477 2953 in
496 2907 555 2953 nos
570 2889 676 2953 enlmo
690 2889 816 2970 fuisset,
837 2887 939 2952 multo
960 2889 1090 2972 gravius
1104 2889 1165 2953 hoc

110 2995 218 3059 dolore
241 2996 366 3059 exarsit.

197 3100 257 3164 His
279 3099 375 3165 rebus
398 3100 577 3164 constitutis
605 3098 721 3164 Caesar
747 3100 787 3164 ad
814 3104 940 3183 portum
966 3099 1064 3164 Itium
1091 3114 1200 3165 cumr»

109 3205 288 3291 legi0nibus
320 3205 471 3289 pervenit
521 3205 568 3269 ibi
599 3206 760 3289 cognoscit
790 3204 850 3269 LX
876 3223 987 3287 naves,
1020 3221 1101 3286 quae
1128 3204 1190 3275 ina

109 3312 224 3378 Meldis
254 3313 354 3375 iactae
386 3315 487 3393 erant,
518 3315 703 3394 tempestate
734 3311 866 3375 reiectas
897 3329 1026 3375 cursum
1056 3314 1163 3383 tenero

109 3438 173 3482 non
196 3417 338 3502 potuisse
361 3419 455 3498 alque
482 3416 606 3500 eodem,
633 3416 719 3481 unde
747 3421 837 3480 erant
862 3416 1032 3499 proiectae,
1059 3434 1164 3487 rever-

109 3527 198 3603 tiss03
217 3523 357 3605 reliquas
372 3528 496 3605 paratas
510 3521 551 3586 ad
567 3522 781 3605 navigandum
795 3526 890 3605 atque
906 3519 1053 3587 omnibus
1067 3522 1164 3593 rebus

108 3634 278 3696 instructas
305 3629 434 3693 invenit
484 3627 600 3699 eodem
622 3629 782 3709 equitatus
813 3628 911 3693 totius
939 3626 1058 3694 Galliae
1089 3647 1189 3694 con-a

108 3739 208 3819 uenit,
231 3754 364 3799 numero
377 3735 466 3798 milia
484 3733 564 3816 1111,
585 3733 811 3818 principesque
832 3753 874 3799 ex
893 3733 1041 3799 omnibus
1056 3735 1164 3807 civita·

108 3843 206 3925 tibus3
230 3860 272 3907 ex
295 3840 412 3923 quibus
435 3858 622 3924 perpaucos,
650 3858 787 3922 quorum
808 3840 843 3904 in
865 3858 900 3905 se
922 3838 1018 3906 fidem
1038 3859 1190 3929 parops-t
1266 3862 1278 3899 .·

107 3953 211 4031 xerat,
233 3948 413 4028 relinquere
434 3947 469 4011 in
492 3944 608 4028 Gallia,
629 3945 770 4029 reliquos
792 3943 941 4019 obsidum
961 3945 1032 4015 loco
1054 3964 1162 4022 aeuum
1249 3934 1263 4029 ζ

968 4066 1006 4124 d·
1222 4074 1225 4079 '
