2738 4424
452 222 559 277 LIBER
576 221 623 278 VI·
643 222 719 279 GAP.
738 220 860 278 29-32.
1119 204 1182 269 125

128 381 215 465 quod
246 382 366 467 proelio
399 382 618 448 dimicandum
648 403 714 449 non
741 384 947 467 existimaret,
976 400 1017 447 111
1044 385 1185 466 tempore

128 488 278 553 exclusus
306 491 338 553 et
358 490 525 572 repentino
554 490 697 573 equitum
725 489 864 554 adventu
893 488 1084 574 prohibitus,
1111 504 1185 552 eum

128 594 289 676 reliquum
311 595 486 659 exercitum
514 594 668 677 subsequi
694 594 847 679 crederet,
874 593 1008 659 dubium
1040 597 1099 676 est3
1128 593 1212 659 seda

129 704 215 766 certe
237 700 375 764 dimissis
396 720 453 785 per
476 720 567 785 agros
594 701 716 765 nuntiis
743 701 805 765 sibi
833 718 991 783 quemque
1019 699 1185 764 consulere

130 805 231 871 iussit
276 826 413 890 quorum
434 827 506 892 pars
529 807 564 870 in
586 807 794 872 Arduennam
816 807 943 888 silvam,
965 825 1038 890 pers
1059 806 1095 870 in
1110 823 1185 870 con-

130 912 266 978 tinentes
297 912 428 997 paludes
458 913 609 997 profugit,
642 913 699 994 qui
730 912 868 997 proximi
896 911 1020 977 Oceano
1048 911 1214 994 fuerunta

130 1018 166 1081 hi
185 1014 305 1105 insulis
331 1037 400 1083 1111
427 1018 681 1100 occultaverunt,
714 1037 793 1100 qnos
825 1023 931 1082 aestus
958 1015 1083 1083 efficere
1110 1036 1186 1081 con·

130 1127 277 1205 suerunt3
300 1123 394 1188 multi
417 1143 458 1188 ex
480 1125 547 1188 suis
573 1122 693 1189 finibus
721 1124 841 1207 egressi
868 1143 901 1189 se
929 1141 1050 1206 suaque
1079 1122 1213 1188 omnies

130 1228 333 1294 alienissimis
355 1230 564 1295 crediderunt
610 1228 811 1312 Catuvolcus,
834 1248 893 1294 rex
915 1229 1065 1293 dimidiae
1088 1226 1212 1313 pertiso

130 1334 331 1418 Eburonum,
363 1336 419 1418 qui
447 1355 512 1399 una
543 1354 617 1400 cum
643 1334 828 1420 Ambiorige
862 1334 1033 1400 consilium
1063 1333 1185 1418 inierat

131 1444 231 1507 111111
252 1442 318 1505 iam
340 1441 512 1526 confectus,
539 1460 614 1505 cum
639 1441 781 1520 laborem
804 1441 879 1506 belli
905 1446 960 1505 aut
985 1440 1078 1525 fugae
1104 1441 1186 1505 ferre

129 1564 196 1612 non
217 1551 334 1632 posset,
357 1547 504 1611 omnibus
526 1546 672 1632 precibus
691 1547 862 1612 detestatus
876 1546 1107 1631 Ambiorigem,
1131 1546 1186 1630 qni

130 1653 201 1720 11111
223 1652 349 1718 consilii
371 1657 480 1718 auctor
501 1653 625 1737 finisset,
649 1657 737 1737 taxo,
766 1653 858 1717 cuius
884 1673 999 1738 magna
1025 1653 1060 1717 in
1084 1651 1187 1717 Gallia

132 1757 363 1842 Germaniaque
385 1760 476 1842 copia
498 1763 558 1842 est,
581 1778 615 1824 11
639 1759 842 1825 exanimavit

218 1863 316 1949 Segni
343 1862 576 1948 Condrusique,
604 1884 647 1930 ex
672 1870 766 1949 gente
794 1870 826 1930 et
852 1884 985 1929 numero
1014 1864 1186 1929 Germano·
1203 1877 1241 1934 11

130 1990 215 2055 111111,
247 1971 303 2053 qui
333 1975 408 2035 sunt
433 1971 517 2036 inter
543 1969 710 2035 Eburones
741 1971 969 2054 Treverosque,
1000 1970 1118 2054 legatos
1146 1969 1187 2033 ad

132 2074 297 2142 0111111111
327 2078 483 2141 miserunt
514 2082 650 2160 oratum,
682 2096 724 2141 ne
755 2095 790 2141 11
817 2077 853 2139 in
879 2077 1019 2140 hostium
1052 2093 1186 2139 numero

132 2182 261 2249 duceret
297 2201 378 2248 neve
414 2183 558 2247 omnium
597 2182 839 2266 Germanorum,
876 2183 933 2265 qui
968 2185 1073 2247 essent
1108 2181 1187 2245 citra

131 2287 289 2371 Rhenum,
311 2307 410 2352 unam
432 2306 500 2354 esse
523 2308 651 2352 causam
673 2288 841 2353 iudicaret:
869 2288 951 2351 nihil
977 2306 1012 2353 se
1039 2286 1079 2353 de
1102 2286 1185 2352 bello

132 2394 332 2479 cogitavisse,
355 2395 445 2459 nulla
465 2394 645 2479 Ambiorigi
671 2394 793 2458 auxilia
819 2394 951 2460 misisse.
998 2392 1110 2458 Caesar
1132 2411 1215 2459 ex-a

132 2500 254 2584 plorata
274 2520 309 2566 re
333 2502 517 2582 quaestione
532 2501 743 2584 captivorum,
765 2501 794 2564 11
816 2500 872 2582 qui
894 2500 935 2564 ad
953 2518 1008 2566 eos
1022 2499 1189 2564 Eburones

133 2625 176 2673 ex
197 2607 273 2691 fuga
299 2607 534 2689 convenissent,
562 2605 602 2670 ed
625 2625 659 2671 se
682 2609 718 2670 ut
739 2607 980 2690 reducerentur,
1007 2606 1188 2691 imperavit3

134 2712 163 2777 si
185 2713 411 2796 infecissent,
434 2711 514 2777 fines
538 2731 647 2777 eorum
670 2731 704 2778 se
727 2713 920 2777 violaturum
942 2714 1078 2798 negavit
1121 2717 1216 2777 tuma

136 2818 234 2902 copiis
255 2819 292 2882 in
313 2822 377 2884 tres
399 2823 502 2903 partes
526 2818 701 2883 distributis
728 2819 955 2903 impedimenta
976 2820 1119 2884 omnium
1146 2819 1191 2882 le-

135 2925 266 3010 gionum
287 2925 481 2989 Atuatucam
504 2924 643 2989 contulit.
688 2924 723 2988 id
745 2926 865 2990 castelli
891 2944 1008 2990 nomen
1030 2930 1085 2990 est.
1130 2924 1217 2987 hoca

136 3030 201 3096 lere
224 3031 328 3094 estin
349 3031 463 3094 mediis
485 3031 673 3094 Eburonum
696 3029 825 3115 finibus,
852 3031 909 3095 ubi
934 3030 1073 3095 Titurius
1096 3034 1191 3110 atque

136 3136 376 3201 Aurunculeius
406 3135 568 3200 hiemandi
604 3156 699 3199 causa
731 3137 947 3201 consederant
1000 3136 1087 3200 hunc
1117 3154 1218 3201 cumo

137 3243 269 3324 reliquis
290 3241 387 3306 rebus
409 3243 515 3305 locum
537 3241 700 3325 probabat,
723 3246 791 3306 tum
815 3242 900 3323 quod
922 3241 1094 3325 superioris
1117 3242 1193 3304 anni

138 3349 331 3413 munitiones
353 3348 495 3431 integrae
518 3347 699 3429 manebant,
725 3351 762 3411 ut
788 3348 926 3411 militum
952 3348 1091 3411 laborem
1118 3346 1193 3411 sub·

139 3454 267 3519 levaret
311 3453 468 3537 praesidio
491 3452 724 3536 impedimentis
746 3452 903 3536 legionem
925 3453 1032 3517 XHH.
1055 3453 1194 3536 reliquit,

140 3578 238 3623 unam
260 3578 303 3624 11
324 3559 373 3623 his
396 3558 511 3641 tribus,
540 3577 618 3641 quas
641 3559 785 3642 proxime
813 3561 1006 3643 conscriptas
1034 3579 1076 3625 ex
1102 3560 1195 3624 ltalia

140 3664 332 3730 traduxerat
382 3666 412 3729 ei
438 3664 557 3749 legioni
584 3666 757 3746 castrisque
784 3662 818 3740 Q.
845 3665 983 3729 'lullium
1011 3664 1222 3731 Ciceronemo

141 3771 291 3856 praefecit
314 3770 529 3854 ducentosque
552 3771 674 3853 equites
696 3770 727 3836 ei
749 3771 898 3834 attribuit.
