2738 4424
188 199 229 265 96
584 215 688 272 amm
706 215 849 272 olnmcl

153 410 174 453 4
186 380 321 442 mortem
343 382 376 442 et
397 379 575 462 superiores
597 381 720 442 nostras
734 376 898 457 victorias,
922 375 1031 440 ardere
1048 374 1185 440 Galliam
1199 375 1247 438 tot

187 484 388 549 contumeliis
410 484 547 568 acceptis
570 482 629 548 sub
652 483 763 569 populi
785 482 922 547 Romani
944 482 1114 567 imperium
1136 479 1247 544 redac-

154 592 264 673 ,tam,
300 590 461 673 superiore
492 588 595 673 gloria
625 589 673 654 rei
703 589 848 654 militaris
880 588 1031 654 extincta
1084 589 1244 671 postremo

188 695 260 778 quis
281 695 342 759 hoc
364 695 426 760 sibi
447 695 663 779 persuaderet,
685 695 754 760 sine
777 698 864 759 certa
889 712 945 778 spe
962 692 1182 778 Ambiorigem
1204 690 1246 754 ad

156 800 256 881 ,eius
287 801 374 865 modi
405 801 574 866 consilium
600 800 822 867 descendisse?
871 817 963 864 suam
989 798 1179 864 sententiam
1208 797 1246 862 in

185 910 353 988 utramque
375 911 496 991 partem
519 925 588 972 esse
611 911 724 970 tutam:
749 907 776 971 si
797 907 880 972 nihil
902 909 985 972 esset
1007 905 1131 986 durius,
1153 902 1245 968 nullo

187 1030 260 1076 cum
273 1012 415 1097 periculo
431 1012 471 1077 ad
486 1013 664 1096 proximam
677 1013 837 1096 legionem
851 1015 1072 1097 perventuros,
1096 1011 1125 1074 si
1141 1009 1246 1074 Gallia

187 1119 290 1183 omnis
313 1138 386 1183 cum
409 1118 575 1184 Germanis
598 1119 802 1201 consentiret,
825 1137 922 1182 unam
938 1136 1007 1182 esse
1029 1118 1063 1180 in
1085 1115 1245 1182 celeritate

157 1225 322 1308 ,positam
344 1225 485 1289 salutem.
533 1223 640 1289 Cottae
665 1225 795 1307 quidem
822 1228 918 1307 atque
946 1241 1068 1307 eorum,
1097 1222 1155 1305 qui
1181 1222 1244 1286 dis·

187 1330 351 1413 sentirent,
374 1330 544 1394 consilium
567 1348 663 1412 quem
685 1330 800 1395 habere
824 1330 967 1395 exitum?
1005 1329 1042 1393 in
1058 1347 1120 1411 quo
1136 1328 1163 1392 si
1177 1345 1245 1392 non

185 1453 336 1519 praesens
362 1437 551 1520 periculum,
583 1440 615 1501 at
641 1441 725 1500 certe
751 1436 927 1519 longinqua
953 1434 1117 1500 obsidione
1145 1434 1244 1499 fames

129 1567 169 1625 30
187 1544 269 1605 esset
298 1541 445 1605 timenda
499 1542 570 1606 Hac
600 1543 635 1606 in
668 1546 836 1624 utramque
872 1545 994 1625 partem
1030 1540 1244 1625 disputatione

185 1645 304 1730 habita,
331 1665 405 1710 cum
428 1666 447 1710 a
469 1646 559 1712 Cotta
584 1648 757 1732 primisque
785 1646 950 1710 ordinibus
977 1647 1091 1711 acriter
1117 1646 1244 1711 resiste·

184 1756 285 1837 retur,
307 1752 462 1836 ‘vincite’,
485 1754 602 1839 inquit,
626 1752 666 1818 ‘si
687 1755 733 1818 ita
754 1751 875 1835 voltis',
898 1750 1047 1838 Sabinus,
1071 1756 1103 1818 et
1123 1750 1158 1814 id
1180 1751 1243 1817 cla-

159 1857 269 1936 2n'ore
291 1877 382 1941 voce,
409 1863 446 1923 ut
467 1878 582 1943 magna
603 1878 676 1944 pars
702 1859 840 1923 militum
867 1859 1046 1940 exaudiret3
1074 1857 1244 1940 ‘nequeis

186 1963 280 2047 sum’,
313 1965 429 2049 inquit,
462 1964 531 2047 ‘qui
561 1966 748 2049 gravissime
776 1984 819 2031 ex
845 1966 937 2030 vobis
963 1965 1074 2028 mortis
1100 1963 1242 2048 periculo

185 2073 310 2135 terrear.
356 2071 390 2134 hi
412 2073 547 2156 sapient:
572 2071 601 2136 si
622 2072 750 2155 gravius
774 2071 853 2153 quid
875 2071 1037 2154 acciderit,
1060 2069 1116 2134 abs
1138 2075 1169 2135 te
1191 2088 1243 2134 ra·

157 2211 171 2253 3
185 2177 303 2241 tionem
325 2183 503 2261 reposcent3
529 2177 596 2260 qui,
619 2178 720 2260 siper
737 2180 768 2241 te
783 2177 889 2259 liceat,
911 2176 1085 2261 perendino
1102 2175 1152 2240 die
1167 2194 1242 2240 cum

184 2282 338 2364 proximis
360 2283 501 2349 hibernis
524 2283 685 2347 coniuncti
708 2300 908 2347 communem
924 2301 997 2346 cum
1012 2281 1143 2364 reliquis
1165 2280 1242 2346 belli

99 2443 101 2449 ,
184 2405 293 2450 casum
316 2389 505 2472 sustineant,
527 2408 591 2452 non
615 2388 726 2452 reiecti
749 2392 781 2452 et
802 2388 933 2471 relegati
959 2386 1054 2471 longe
1082 2406 1102 2450 a
1128 2386 1241 2452 ceteris

126 2516 165 2574 31
185 2496 240 2555 aut
264 2493 347 2557 ferro
376 2498 431 2557 aut
455 2494 538 2559 fame
565 2493 740 2558 intereant'
790 2492 998 2577 Consurgitur
1024 2512 1067 2557 ex
1094 2494 1239 2576 consilio;

185 2598 457 2680 comprehendunt
478 2604 648 2681 utrumque
672 2604 704 2664 et
726 2603 829 2682 orant,
852 2617 893 2663 ne
916 2618 974 2663 sua
997 2598 1194 2664 dissensione
1209 2603 1242 2664 et

157 2703 358 2785 spertinacia
378 2723 447 2768 rem
468 2705 504 2769 in
527 2723 687 2769 summum
714 2704 890 2789 periculum
918 2703 1088 2768 deducant:
1116 2703 1241 2769 facilem

185 2825 254 2873 esse
276 2827 357 2891 rem,
379 2827 437 2874 seu
453 2814 616 2893 maneant,
639 2828 697 2874 seu
709 2809 960 2894 proficiscantur,
984 2809 1119 2873 simodo
1140 2829 1241 2874 unum

185 2931 294 2978 omnes
317 2915 454 2979 sentiant
475 2935 512 2979 ao
534 2915 680 2999 probent3
709 2920 819 2979 contra
843 2916 879 2978 in
902 2915 1097 2981 dissensione
1118 2916 1241 2980 nullam

157 3037 219 3096 ase
242 3019 376 3086 salutem
390 3022 577 3106 perspicere.
614 3039 665 3084 res
680 3021 891 3104 disputatione
906 3020 946 3084 ad
960 3021 1099 3085 mediam
1114 3026 1240 3086 noctem

183 3127 375 3209 perducitur.
421 3127 549 3193 tandem
575 3127 630 3191 dat
652 3125 742 3191 Cotta
768 3132 929 3210 permotus
955 3145 1084 3190 manus:
1112 3132 1240 3210 superat

158 3233 342 3307 ruententia
369 3232 487 3298 Sabini.
536 3234 759 3317 pronuntiatur
784 3232 887 3315 prima
913 3232 983 3297 luce
1010 3233 1119 3297 ituros.
1162 3252 1240 3300 con·

185 3338 321 3402 sumitur
343 3340 460 3423 vigiliis
474 3339 598 3421 reliqua
611 3357 685 3422 pars
699 3338 814 3419 noctis,
836 3356 909 3401 cum
925 3356 983 3401 sua
998 3339 1134 3420 quisque
1148 3339 1240 3405 miles

184 3442 449 3530 circumspiceret,
473 3446 550 3528 quid
565 3463 675 3509 secum
689 3448 813 3528 portare
828 3447 945 3526 posset,
969 3443 1048 3526 quid
1067 3462 1109 3508 ex
1123 3445 1241 3509 instru-

159 3554 292 3621 smento
315 3551 521 3617 hibernorum
543 3551 723 3633 relinquere
747 3554 919 3633 cogeretur.
966 3548 1086 3634 [omnia
1112 3551 1240 3634 excogi-

185 3659 306 3739 tantur,
338 3677 435 3740 quare
465 3677 525 3722 nec
556 3656 625 3721 sine
657 3655 796 3739 periculo
827 3659 993 3720 maneatur
1024 3659 1056 3721 et
1086 3656 1239 3740 languore

156 3761 322 3833 emilitum
349 3768 381 3829 et
401 3763 518 3848 vigiliis
544 3760 722 3846 periculum
749 3759 920 3845 augeatur]
966 3762 1068 3846 prima
1093 3760 1165 3824 luce
1192 3760 1240 3824 sic

185 3885 229 3932 ex
251 3870 362 3934 castris
384 3868 639 3953 proficiscuntur,
660 3871 698 3931 ut
721 3866 837 3950 quibus
859 3871 943 3933 esset
964 3885 1150 3956 persuasum
1172 3885 1240 3930 non
