2738 4424
220 263 282 327 180
612 280 718 335 BELLI
735 280 876 336 GALHCI

217 440 313 503 unius
335 439 470 524 leglenis
491 439 632 505 hibernis
654 461 719 504 non
734 445 902 525 potuerant
919 441 1088 525 contineri,
1112 439 1191 522 quin
1205 437 1277 503 bel-

182 552 201 608 a
219 546 286 609 lum
299 550 447 630 pararent
461 548 756 629 coniurationesque
769 547 915 612 facerent.
941 546 1118 631 Repentino
1133 544 1276 609 adventu

219 651 361 717 Caesaris
384 653 511 736 accidit,
535 652 621 735 quod
642 654 805 737 imparatis
824 653 1026 735 disiectisque
1048 651 1190 717 accidere
1211 649 1277 715 fuit

217 777 359 843 necesse,
380 763 418 822 ut
439 759 509 822 sine
531 759 645 824 timore
667 760 734 824 ullo
756 779 832 824 rura
854 760 992 824 colentes
1013 759 1103 843 prius
1125 757 1164 821 ab
1184 757 1276 840 equi-

219 871 287 928 tatu
314 865 577 949 opprimerentur,
611 885 706 948 quam
732 866 899 950 confugere
930 866 966 930 in
996 864 1110 950 oppida
1135 865 1276 948 possent

191 990 356 1054 rnamque
381 972 474 1036 etiam
496 970 577 1035 illud
599 972 730 1056 vulgare
757 972 947 1036 incursionis
973 971 1114 1037 hostiurn
1137 971 1276 1054 signum,

220 1078 305 1160 quod
331 1077 489 1142 incendiis
516 1076 730 1142 aedificiorum
756 1077 898 1162 intellegi
925 1078 1105 1159 consuevit,
1132 1074 1276 1140 Caesaris

218 1188 286 1248 erat
306 1183 474 1247 interdicto
497 1183 669 1267 sublatum,
691 1201 732 1248 ne
749 1186 804 1246 aut
818 1183 908 1268 copia
922 1181 1033 1267 pabuli
1051 1182 1276 1264 frumentique,

219 1290 246 1353 si
268 1289 395 1373 longius
411 1289 558 1373 progredi
572 1289 680 1372 vellet,
702 1287 901 1374 deficeretur,
923 1293 978 1353 aut
994 1289 1100 1352 hostes
1117 1286 1276 1352 incendiis

191 1400 419 1460 sternerentur.
457 1395 566 1459 multis
583 1396 749 1458 hominum
771 1395 902 1459 milibus
925 1395 1025 1479 captis
1044 1393 1202 1478 perterriti
1219 1391 1276 1457 Bi·

218 1501 350 1584 turiges,
376 1499 433 1583 qui
454 1500 593 1584 primum
615 1498 787 1565 adventum
808 1505 977 1586 potuerant
999 1499 1137 1585 effugere
1158 1498 1276 1564 Roma

217 1624 345 1689 norum,
372 1606 407 1669 in
428 1604 578 1670 finitimas
601 1607 744 1672 civitates
765 1611 822 1671 aut
842 1608 972 1691 privatis
994 1607 1140 1691 hospitiis
1163 1603 1276 1670 confisi

190 1733 204 1776 ι
219 1716 274 1776 aut
287 1712 436 1776 societate
451 1712 654 1776 consiliorum
670 1712 885 1797 confugerant
919 1714 1050 1794 neutra
1070 1731 1146 1775 nam
1161 1709 1276 1776 Caesar

216 1817 340 1902 magnis
362 1818 527 1883 itineribus
551 1819 697 1884 omnibus
718 1819 797 1884 locis
820 1819 958 1883 occurrit
979 1834 1039 1890 neo
1055 1817 1108 1882 dat
1122 1818 1180 1881 ulli
1196 1817 1275 1882 civi-

216 1924 272 1988 tati
300 1926 437 2008 spatium
464 1924 504 1990 de
531 1924 635 1989 aliena
660 1926 767 2009 potius
796 1944 890 2007 quam
914 1924 952 1989 de
975 1924 1147 1991 domestica
1172 1923 1275 1988 salute

217 2029 389 2114 cogitandi3
423 2050 486 2113 qua
517 2031 676 2096 celeritate
707 2036 739 2097 et
769 2029 878 2096 fideles
905 2032 1023 2096 amieos
1053 2030 1211 2096 retinebat
1242 2034 1275 2095 et

189 2136 397 2200 sdubitantes
423 2140 542 2201 terrore
574 2137 614 2200 ad
641 2137 843 2201 condiciones
874 2138 960 2220 pacis
989 2136 1171 2201 adducebat
1216 2135 1274 2199 tali

217 2242 403 2307 condicione
424 2243 583 2326 proposita
600 2242 774 2326 Bituriges,
797 2262 870 2306 eum
893 2242 955 2306 sibi
974 2242 1117 2310 viderent
1135 2242 1273 2306 clemen-

216 2348 260 2412 tia
275 2347 418 2414 Caesaris
438 2348 576 2412 reditum
595 2353 702 2432 patere
724 2348 759 2411 in
781 2348 850 2413 eius
873 2349 1044 2412 amicitiam
1058 2347 1272 2429 finitimasque

216 2453 359 2518 civitates
385 2454 454 2518 sine
481 2454 546 2519 ulla
573 2473 675 2538 poena
702 2453 826 2519 dedisse
850 2453 975 2518 obsides
1003 2458 1097 2537 atque
1118 2453 1152 2516 in
1174 2450 1272 2517 fidem

216 2562 355 2642 receptas
378 2577 459 2643 esse,
481 2559 568 2624 idem
589 2560 740 2625 fecerunt.

180 2677 199 2732 4
305 2662 419 2729 Caesar
444 2665 598 2730 militibus
624 2684 681 2750 pro
707 2670 795 2730 tanto
821 2666 928 2730 labore
956 2683 993 2729 ao
1018 2664 1182 2749 patientia,
1215 2666 1271 2747 qui

215 2769 412 2835 brumalibus
436 2769 560 2853 diebus,
577 2772 744 2836 itineribus
767 2770 975 2855 difficillimis,
997 2768 1166 2855 frigoribus
1188 2771 1271 2835 into-

214 2875 355 2942 lerandis
385 2874 614 2940 studiosissime
645 2881 881 2960 permanserant
910 2878 945 2941 in
976 2876 1096 2959 labore,
1130 2877 1270 2942 ducenos

215 2983 387 3066 sestertios,
418 2981 657 3047 centurionibus
683 2981 711 3046 L
739 2983 828 3047 milia
858 3003 1025 3047 nummum
1051 2982 1186 3067 praedae
1213 3002 1270 3047 no-

214 3089 301 3153 mine
337 3090 496 3153 condonat
525 3088 768 3173 legionibusque
803 3089 838 3153 in
869 3090 1001 3154 hiberna
1032 3089 1172 3154 remissis
1199 3089 1268 3173 ipse

188 3211 250 3259 sse
275 3195 387 3278 recipit
414 3193 466 3260 die
499 3195 738 3279 quadragesimo
765 3195 921 3260 Bibracte.
969 3195 1016 3259 ibi
1043 3196 1193 3260 numius
1221 3194 1269 3258 di-

215 3304 313 3383 ceret,
341 3301 502 3384 Bituriges
531 3302 572 3365 ad
603 3320 676 3366 eum
702 3301 823 3385 legatos
850 3301 981 3366 mittrmt
1007 3301 1164 3365 auxilium
1190 3303 1269 3385 peti·

214 3412 282 3470 tum
309 3411 419 3470 contra
445 3405 611 3493 Carnutes,
640 3427 720 3490 quos
745 3407 891 3472 intulisse
917 3406 1037 3472 bellum
1067 3407 1130 3472 sibi
1157 3425 1269 3489 quere-

187 3510 336 3576 sbantur.
375 3532 438 3595 qua
459 3533 494 3578 re
517 3514 651 3598 cognita,
675 3533 748 3577 oum
769 3512 836 3579 dies
858 3533 923 3577 non
941 3514 1075 3598 amplius
1096 3511 1211 3577 XVHI
1233 3513 1268 3577 in

214 3617 355 3683 hibernis
374 3623 457 3684 esset
476 3624 630 3703 moratus,
652 3619 792 3703 legiones
811 3617 920 3683 XIHI.
941 3624 974 3684 ot
988 3617 1044 3683 VL
1065 3639 1107 3685 ex
1125 3619 1268 3683 hibernis

215 3721 254 3786 ab
275 3724 370 3788 Arari
393 3725 512 3809 educit,
536 3743 615 3807 quas
637 3725 684 3790 ibi
706 3725 882 3789 conlocatas
905 3724 1111 3810 explicandae
1133 3725 1180 3790 rei
1201 3725 1267 3789 fru-

214 3829 383 3894 mentariae
403 3847 499 3894 causa
517 3831 679 3914 superiore
699 3832 922 3895 commentario
944 3830 1192 3897 demonstratum
1211 3835 1267 3896 est

214 3931 259 4021 ita
281 3951 355 3997 cum
377 3934 501 3998 duabus
518 3935 699 4019 legionibus
717 3935 757 4000 ad
774 3935 1011 4020 persequendos
1027 3934 1178 4002 carnutes
1195 3956 1268 4022 pro·
