2738 4424
447 288 555 344 1anss
571 288 632 344 VIL
651 287 727 344 cnP.
747 288 863 344 17-20.
1118 272 1180 336 141

126 453 197 516 loco
229 449 313 516 edito
345 455 440 532 atque
473 454 579 534 aperto
611 452 840 514 instruxerunt
891 468 954 532 qua
979 468 1014 514 re
1038 449 1210 516 nuntiatas

128 556 242 622 Caesar
273 557 416 622 celeriter
447 557 586 621 sarcinas
618 555 768 638 conferri,
800 575 888 619 arma
914 555 1057 640 expediri
1083 557 1183 619 iussit

126 663 224 728 Oollis
247 667 314 728 erat
334 663 450 727 leniter
473 660 512 725 ab
535 661 644 726 infimo
668 662 806 726 acclivis.
855 662 941 726 bunc
968 680 1011 726 ex
1037 661 1185 725 omnibus
1205 678 1239 732 te

127 771 192 835 fere
214 769 359 854 partibus
380 768 472 852 palus
496 767 633 831 difficilis
656 773 751 851 atque
772 767 924 852 impedita
950 767 1098 851 cingebat
1118 785 1186 831 non

128 875 222 940 latior
243 875 379 960 pedibus
401 872 439 937 L.
483 874 544 938 hoc
566 866 600 938 se
623 873 703 938 colle
729 873 911 957 interruptis
932 873 1084 957 pontibus
1103 872 1212 941 Gallia

127 981 245 1046 fiducia
267 982 329 1045 loci
352 978 557 1044 continebant
578 979 816 1063 generatimque
844 980 1007 1044 distributi
1033 977 1081 1064 [in
1109 980 1186 1043 ciri-

129 1087 220 1172 tates]
245 1088 352 1152 omnia
374 1086 456 1150 vada
478 1084 527 1170 [ac
549 1084 659 1170 saltus]
688 1087 756 1149 eius
777 1085 902 1169 paludis
929 1084 1114 1150 obtinebant
1140 1085 1186 1149 sio

130 1195 236 1258 animo
264 1193 378 1277 parati,
409 1196 456 1275 nt,
488 1192 516 1255 si
543 1209 613 1256 eam
638 1191 788 1275 paludem
818 1190 954 1256 Romani
984 1209 1186 1275 perrumpere

129 1303 334 1383 conarentur,
357 1299 548 1362 haesitantes
574 1301 754 1381 premerent
780 1315 823 1361 ex
843 1297 912 1361 loco
940 1297 1114 1381 superiore3
1142 1301 1214 1381 uta

129 1406 187 1488 qui
202 1405 471 1490 propinquitatem
488 1402 551 1467 loci
566 1402 696 1485 videret,
718 1407 842 1487 paratos
856 1421 953 1488 prope
969 1421 1071 1486 aequo
1086 1401 1187 1468 Marte

129 1513 170 1576 ad
197 1509 414 1575 dimicandum
441 1509 647 1591 existimaret,
680 1509 736 1591 qui
762 1509 962 1592 iniquitatem
993 1509 1188 1574 condicionis

129 1618 334 1702 perspiceret,
355 1616 445 1679 inani
467 1615 668 1680 simulatione
695 1632 764 1679 sese
792 1611 949 1680 ostentare
976 1619 1187 1700 cognosceret

131 1722 335 1806 indignantes
357 1721 473 1786 milites
497 1718 621 1803 Caesar,
644 1721 729 1803 quod
752 1726 955 1804 conspectum
975 1740 1069 1784 suum
1083 1721 1215 1789 hosteea

130 1829 212 1893 ferre
235 1831 364 1911 possent
385 1827 508 1891 tantulo
531 1827 630 1911 spatio
660 1827 839 1909 interiecto,
867 1830 898 1890 et
924 1828 1051 1911 signum
1076 1827 1188 1910 proelii

130 1937 338 2018 exposcentes
366 1933 489 2016 edocet,
520 1938 638 2015 quanto
666 1932 854 1997 detrimento
886 1936 919 1998 et
945 1937 1022 2015 quot
1047 1933 1189 1996 virorum

130 2040 259 2104 fortium
280 2045 382 2104 morte
404 2058 533 2105 necesse
561 2039 603 2103 sit
630 2043 773 2104 constare
799 2038 980 2120 victoriam3
1009 2057 1089 2121 quos
1116 2058 1216 2107 cumn

131 2148 177 2210 sic
200 2146 307 2210 animo
329 2150 454 2230 paratos
476 2145 596 2229 videat,
623 2148 661 2208 ut
681 2145 808 2208 nullum
829 2164 886 2228 pro
909 2163 968 2208 sna
989 2144 1084 2209 laude
1106 2145 1188 2228 peri·

130 2253 240 2318 culum
261 2255 422 2336 recusent,
445 2271 587 2316 summae
602 2270 636 2317 se
650 2251 827 2333 iniquitatis
845 2251 1049 2315 condemnari
1064 2249 1188 2333 debere,

130 2358 195 2423 nisi
217 2377 328 2423 eorum
348 2358 447 2421 vitam
468 2356 562 2422 laude
584 2376 642 2422 sua
664 2356 778 2422 habeat
799 2357 960 2421 cariorem
1005 2357 1051 2421 sic
1073 2356 1215 2424 militesa

130 2465 312 2530 consolatus
335 2464 447 2528 eodem
470 2441 667 2539 cilicium
692 2465 728 2527 in
751 2469 854 2528 casua
879 2463 1079 2547 reliquaque,
1108 2481 1189 2545 quae

130 2572 171 2635 ad
203 2570 471 2655 oppugnationem
502 2569 610 2653 oppidi
640 2569 853 2653 pertinebant,
887 2569 1106 2634 administrare
1140 2569 1190 2633 in·

132 2678 242 2742 stituit

220 2782 479 2865 Vercingetorix,
502 2800 575 2846 cum
598 2780 639 2845 ad
661 2799 737 2846 suos
758 2781 905 2865 redisset,
931 2781 1119 2865 proditionis
1140 2782 1190 2844 in-
1207 2796 1245 2853 ao

134 2887 312 2969 simulatus,
340 2886 425 2969 quod
448 2891 549 2952 castra
570 2887 702 2971 propius
728 2887 887 2953 Romanos
914 2888 1078 2972 movisset,
1105 2886 1190 2971 quod

133 3012 209 3056 cum
231 2993 318 3056 omni
341 2994 483 3075 equitatu
505 2993 712 3077 discessisset,
735 2993 821 3077 qnod
844 2995 912 3058 sine
934 2994 1066 3078 imperio
1087 2998 1191 3058 tantas

134 3099 241 3182 copias
263 3098 456 3180 reliquisset,
480 3100 565 3180 quod
587 3101 656 3164 eius
679 3099 821 3164 discessu
834 3099 969 3164 Romani
993 3103 1079 3163 tanta
1101 3117 1191 3182 opor·

135 3206 268 3268 tnnitate
292 3207 324 3268 et
346 3204 504 3268 celeritate
527 3207 703 3270 venissent:
731 3225 798 3269 non
824 3205 903 3270 hacc
930 3205 1037 3269 omnia
1062 3204 1218 3272 fortuitos

136 3313 193 3373 aut
214 3310 283 3374 sine
306 3309 437 3373 consilio
461 3309 603 3374 accidere
625 3311 779 3394 potuisse;
803 3329 939 3394 regnum
960 3311 1053 3374 illum
1071 3309 1192 3375 Galliae

136 3415 231 3480 malle
255 3413 397 3480 Caesaris
424 3433 577 3479 concessu
605 3435 700 3498 qnam
726 3417 867 3499 ipsorum
894 3415 1011 3482 habere
1036 3415 1191 3481 beneficio

137 3558 181 3569 -
207 3521 264 3586 tali
289 3521 384 3586 modo
412 3525 577 3585 accusabas
604 3521 644 3585 ad
670 3521 748 3586 haec
774 3523 949 3607 respondit:
978 3522 1064 3607 qnod
1092 3527 1219 3590 castras

137 3629 302 3710 movisset,
334 3626 454 3691 factum
479 3627 588 3710 inopia
614 3626 723 3713 pabuli
752 3629 848 3692 etiam
874 3630 951 3712 ipsis
977 3629 1192 3710 hortantibns3

138 3734 225 3819 quod
246 3734 375 3819 propius
397 3733 558 3797 Romanos
581 3735 776 3816 accessisset,
801 3752 988 3818 persuasum
1014 3735 1076 3799 loci
1103 3754 1194 3818 opor-

138 3844 285 3924 tunitate,
312 3840 425 3923 quise
448 3840 515 3923 ipse
538 3839 606 3904 sine
628 3840 805 3905 munitione
828 3839 1022 3924 defenderet;
1051 3843 1221 3924 equitumc

139 3967 215 4014 vero
243 3964 371 4031 operam
397 3963 503 4027 neque
529 3945 566 4008 in
592 3946 662 4010 loco
688 3945 822 4030 palustri
849 3947 1021 4012 desiderari
1047 3947 1195 4014 debuisse
