2738 4424
169 229 210 293 50
563 247 827 304 emmenrror

140 410 269 490 lerant,
301 406 484 472 absentibus
515 415 641 493 propter
673 412 862 494 paucitatem
894 405 1122 495 despiciebant,
1155 413 1224 473 tum

168 512 270 595 etiam,
294 513 379 596 quod
393 519 518 598 propter
533 515 734 598 iniquitatem
747 516 818 600 loci,
841 535 915 580 oum
930 517 990 600 ipsi
1006 535 1048 582 cx
1062 514 1224 580 montibus

167 619 202 681 in
223 618 338 683 vallem
354 619 556 684 decurrerent
570 626 602 686 et
616 622 680 686 tela
694 623 861 703 coicerent
883 640 925 687 ne
939 624 1079 706 primum
1095 622 1224 706 quidem

141 725 320 808 simpetum
346 745 440 790 suum
465 745 558 810 posse
590 727 738 791 sustineri
770 728 1002 793 existimabant
1047 727 1224 810 accedebat,

169 831 255 913 quod
276 849 351 895 suos
374 831 413 895 ab
436 850 470 897 se
492 831 609 896 liberos
631 832 804 897 abstractos
823 832 971 898 obsidum
985 835 1115 899 nomine
1139 832 1225 898 dole-

167 936 245 1000 bant
266 942 298 1002 et
323 937 482 1002 Romanos
508 956 573 1001 non
603 938 706 1002 solum
731 939 882 1004 itinerum
910 958 1017 1023 causa,
1045 939 1099 1004 sed
1127 940 1224 1004 etiam

166 1048 335 1127 pe1petuae
365 1043 572 1127 possessionis
604 1043 744 1108 culmina
766 1044 897 1128 Alpium
928 1063 1083 1128 occupare
1114 1044 1224 1108 conari

168 1155 199 1214 et
221 1167 259 1214 ea
279 1149 350 1214 loca
370 1147 522 1213 finitimae
547 1150 729 1232 provinciae
757 1148 929 1233 adiungere
955 1150 1017 1213 sibi
1038 1169 1223 1234 persuasum

131 1254 333 1326 rehabebant.
378 1254 438 1318 His
464 1255 585 1318 nuntiis
613 1256 749 1338 acceptis
778 1253 889 1339 Galba,
914 1273 987 1319 oum
1014 1274 1118 1338 neque
1144 1274 1223 1338 opus

168 1360 371 1426 bibemorum
397 1360 653 1442 munitionesque
680 1361 773 1444 plene
805 1365 910 1426 essent
936 1361 1091 1444 perfectae
1117 1379 1223 1443 neque

167 1465 207 1531 de
233 1466 390 1530 frumento
417 1465 603 1549 reliquoque
631 1471 807 1530 ccrmneatu
839 1466 915 1531 satis
947 1472 1029 1531 esset
1049 1467 1224 1550 provisum,

167 1571 251 1653 quod
279 1571 438 1635 deditione
460 1570 543 1635 iacta
565 1571 790 1654 obsidibusque
814 1572 950 1656 acceptis
972 1571 1053 1636 nihil
1076 1572 1115 1636 de
1137 1572 1222 1636 bello
1253 1613 1255 1615 -

165 1676 342 1741 timendum
364 1677 608 1759 existimaverat,
635 1677 765 1741 consilio
790 1678 933 1742 celeriter
956 1682 1127 1742 convocato
1151 1696 1223 1742 sen·

139 1804 152 1848 a
168 1783 281 1847 tentiae
295 1783 464 1865 exquirere
480 1783 589 1866 coepit
636 1800 699 1865 quo
721 1782 756 1845 in
772 1783 919 1867 consilio,
942 1802 1016 1847 cum
1035 1787 1159 1847 tantum
1173 1803 1223 1848 re·

166 1889 287 1972 pantini
301 1887 434 1972 periculi
448 1893 572 1972 praeter
587 1888 769 1971 opinionem
785 1889 952 1953 accidisset
974 1909 1011 1954 ac
1033 1890 1098 1953 iam
1116 1890 1225 1954 omnia

164 1994 230 2060 fere
253 1995 414 2079 superiora
435 1994 505 2058 looa
527 1993 732 2058 multitudine
756 1998 948 2059 armatorum
970 1995 1126 2079 completa
1148 2013 1225 2059 ccn·

165 2102 361 2185 spicerentur
381 2118 487 2183 neque
510 2099 651 2164 subsidio
674 2100 777 2163 veniri
803 2118 909 2182 neque
931 2105 1125 2165 commeatus
1148 2120 1223 2184 sup-

139 2207 284 2290 aportari
304 2206 484 2270 interclusis
507 2205 673 2270 itineribus
690 2210 831 2290 possent,
852 2223 949 2289 prope
971 2206 1035 2269 iam
1057 2205 1224 2289 desperata

166 2312 267 2376 salute
289 2330 354 2375 non
376 2311 483 2376 nullae
506 2311 675 2375 eiusmodi
698 2311 872 2375 sententiae
889 2310 1086 2394 dicebantur,
1107 2316 1144 2375 ut
1161 2313 1221 2375 im-

166 2418 354 2500 pedimentis
379 2417 498 2482 relictis
526 2417 690 2500 eruptione
716 2416 799 2480 facta
820 2417 921 2480 isdem
943 2417 1122 2501 itineribus,
1151 2419 1221 2499 qui·

138 2522 225 2591 abus
256 2542 293 2586 eo
324 2524 553 2606 pervenissent,
586 2521 626 2585 ad
658 2522 792 2587 salutem
824 2523 1058 2587 contenderent
1107 2524 1220 2587 maiori

165 2633 271 2692 tamen
296 2628 376 2712 parti
403 2628 533 2711 placuit,
559 2627 620 2692 hoo
648 2633 806 2692 reservato
835 2628 875 2690 ad
903 2632 1082 2693 extremum
1110 2648 1219 2713 casum

165 2734 296 2798 consilio
318 2733 445 2797 interim
467 2733 513 2797 rei
536 2738 685 2798 eventum
709 2733 848 2816 experiri
871 2737 902 2797 et
924 2739 1026 2797 castra
1041 2733 1220 2799 defendere.

127 2859 144 2912 4
163 2839 258 2904 Brevi
273 2840 372 2924 spatio
388 2839 563 2923 interiecto,
577 2839 635 2902 vix
649 2842 686 2901 ut
699 2839 739 2902 iis
753 2838 857 2922 rebus,
878 2857 957 2922 quas
972 2839 1221 2925 constituissent,

163 2945 364 3010 conlocandis
380 2949 474 3026 atque
490 2944 745 3008 administrandis
760 2947 885 3027 tempus
901 2943 1037 3028 daretur,
1054 2945 1160 3010 hostes
1176 2965 1219 3011 ex

164 3051 310 3117 omnibus
331 3050 473 3135 partibus
495 3050 585 3132 signo
614 3049 685 3112 dato
710 3049 889 3132 decurrere,
916 3049 1036 3133 lapides
1060 3070 1221 3134 gaesaque

136 3161 197 3224 ain
220 3157 338 3220 vallum
360 3157 490 3220 coicere.
534 3154 635 3218 nostri
661 3156 762 3238 primo
790 3156 920 3239 integris
947 3156 1069 3220 viribus
1095 3158 1221 3222 fortiter

161 3283 359 3350 propugnare
381 3280 487 3344 neque
509 3261 611 3324 ullum
632 3261 748 3324 frustra
773 3261 872 3325 telum
895 3279 937 3325 ex
962 3261 1032 3325 ioco
1047 3265 1220 3346 'superiore

162 3372 294 3452 mittere,
309 3373 341 3434 et
355 3385 575 3451 quaecumque
588 3386 662 3450 pars
677 3371 851 3431 castrorum
866 3367 984 3431 nudata
999 3368 1220 3433 defensoribus

133 3477 262 3559 epremi
283 3474 463 3556 videbatur,
485 3492 522 3537 eo
546 3490 712 3537 occurrere
735 3477 767 3536 et
784 3472 939 3535 auxilium
961 3473 1056 3554 ferre,
1079 3473 1135 3537 sed
1157 3473 1242 3537 hoc

161 3581 316 3665 superari,
343 3580 426 3664 quod
451 3578 658 3643 diuturnitate
686 3596 811 3663 pugnae
833 3578 938 3642 hostes
962 3578 1075 3642 defessi
1096 3579 1219 3661 proelio

133 3686 368 3770 concedebant,
391 3686 446 3749 alii
467 3685 598 3769 integris
617 3683 739 3748 viribus
762 3683 985 3765 succedebant,
1010 3703 1145 3765 quarum
1167 3702 1220 3748 re·-

162 3811 231 3854 rum
258 3811 277 3854 a
302 3793 419 3855 nostris
445 3794 572 3875 propter
598 3790 789 3873 paucitatem
814 3787 883 3853 fieri
909 3789 990 3852 nihil
1011 3792 1147 3873 poterat,
1179 3808 1216 3852 ac

160 3914 226 3961 non
250 3897 344 3961 modo
376 3897 498 3962 defesso
531 3915 572 3961 ex
602 3914 710 3979 pugna
737 3895 925 3976 excedendi,
957 3894 1081 3960 sedne
1108 3895 1220 3958 saucio
1298 3902 1300 3905 ’
