2738 4424
481 255 588 309 LIBER
605 255 640 308 II.
660 255 735 309 caP.
754 255 837 308 4-7.
1141 243 1184 306 35

126 417 287 500 ddstincri,
310 435 351 482 ne
374 436 448 481 cum
475 420 563 480 tanta
588 416 794 481 multitudine
821 435 886 481 uno
913 421 1054 500 tempore
1077 418 1185 483 confli-

126 523 268 610 gendum
290 523 339 588 sit.
384 522 418 586 id
439 520 510 586 fieri
523 541 628 606 posse,
651 523 679 586 si
696 541 771 586 suas
786 523 892 606 copias
907 523 1034 588 Haedui
1056 525 1090 588 in
1104 524 1212 594 finesa

126 629 371 695 Bellovacorum
393 628 631 692 introduxerint
653 632 685 692 et
707 647 818 692 eorum
840 647 932 712 agros
947 630 1092 713 populari
1114 649 1184 695 coe-

126 737 239 820 perint.
281 736 330 799 his
354 734 434 799 datis
456 735 614 798 mandatis
641 753 715 799 eum
737 754 756 798 a
778 754 812 799 se
840 735 976 799 dimittit
1018 741 1211 820 postquamo

77 928 80 932 μ
127 861 237 906 omnes
248 841 420 924 Belgarum
442 842 548 925 copias
571 841 606 904 in
628 859 729 904 unum
751 839 858 904 locum
878 846 1000 906 coactas
1021 841 1061 905 ad
1080 860 1114 906 se
1130 862 1185 908 ra·

126 949 197 1012 nire
220 945 322 1032 [vidit]
346 965 449 1030 neque
468 947 533 1010 iam
555 946 649 1030 longe
673 947 782 1010 abesse
806 945 845 1009 ab
868 946 921 1028 iis,
946 966 1025 1029 quos
1048 948 1184 1034 miserat,

127 1052 379 1138 exploratoribus
411 1058 443 1118 et
473 1052 512 1116 ab
544 1052 654 1117 Remis
685 1052 847 1136 cognovit,
880 1052 1001 1117 flumen
1027 1054 1184 1138 Axonam,

128 1160 216 1243 quod
237 1166 285 1224 est
306 1160 341 1222 111
364 1159 514 1224 extremis
532 1158 705 1223 Remorum
727 1157 857 1242 finibus,
881 1160 1056 1224 exercitum
1078 1161 1184 1224 badu-

128 1282 200 1330 cere
222 1266 392 1350 maturavit
413 1269 507 1346 atque
530 1263 577 1327 ibi
600 1269 702 1328 castra
723 1265 836 1347 posuit
882 1283 962 1348 quae
983 1285 1035 1331 res
1050 1271 1081 1331 et
1101 1266 1210 1335 latuss

127 1390 230 1436 unum
248 1376 423 1436 castrorum
437 1372 515 1454 ripis
529 1369 672 1434 fluminis
687 1369 850 1434 muniebat
869 1375 912 1454 at,
928 1376 999 1455 post
1013 1390 1087 1436 eum
1102 1392 1184 1456 quae

127 1481 229 1562 erant,
252 1481 322 1542 tuta
339 1475 379 1540 ab
399 1475 543 1540 hostibus
560 1476 713 1540 reddebat
735 1479 778 1560 et,
802 1482 997 1543 commeatus
1020 1478 1059 1542 ab
1077 1479 1184 1544 Remis

127 1583 324 1668 reliquisque
351 1581 533 1647 ciuitatibus
564 1586 601 1645 ut
632 1583 701 1646 sine
731 1582 872 1666 periculo
900 1583 940 1646 ad
967 1603 1041 1648 eum
1068 1587 1184 1668 portari

127 1693 270 1774 possent,
293 1687 455 1753 efficiebat.
501 1689 535 1751 in
559 1706 596 1752 eo
619 1687 752 1751 flumine
774 1708 854 1771 pons
882 1695 956 1752 erat
1001 1690 1046 1754 ibi
1068 1694 1210 1775 praesia

128 1796 217 1860 dium
239 1796 329 1879 ponit
351 1799 382 1858 et
404 1795 438 1858 in
461 1794 558 1859 altera
580 1800 668 1878 parte
694 1794 836 1859 fluminis
859 1793 894 1871 Q.
916 1796 1074 1860 'titurium
1096 1795 1184 1861 Sabi-

127 1922 206 1966 num
227 1901 368 1985 legatum
390 1920 462 1965 cum
479 1920 537 1965 sex
553 1899 733 1965 cohortibus
751 1900 914 1983 relinquit3
939 1906 1040 1966 castra
1061 1903 1095 1965 111
1116 1904 1185 1966 alti-

127 2007 273 2072 tudinem
299 2007 417 2091 pedum
443 2006 511 2070 XII
537 2006 621 2069 vallo
648 2006 796 2089 fossaque
824 2005 1041 2090 duodeviginti
1068 2007 1184 2091 pedum

127 2115 245 2177 muniri
268 2112 365 2178 iubet.

216 2219 267 2283 Ab
299 2219 349 2282 his
382 2219 492 2283 castris
524 2218 676 2302 oppidum
703 2217 878 2281 Remorum
908 2218 1037 2284 nomino
1064 2219 1219 2293 Bibraxe

128 2326 236 2391 aberat
257 2325 346 2389 milia
368 2344 520 2409 passuum
541 2323 629 2388 VIII.
675 2323 709 2387 id
732 2342 773 2386 cx
795 2324 909 2388 itinere
928 2344 1042 2408 magno
1065 2326 1184 2409 impetu

127 2432 245 2516 Belgae
274 2449 457 2515 oppugnare
485 2435 663 2514 coeperunt
710 2448 803 2514 aegre
830 2448 868 2494 eo
896 2431 947 2495 dIe
974 2436 1183 2497 sustentatum

128 2543 184 2603 est
214 2537 377 2602 Gallorum
393 2537 503 2601 eadem
519 2541 613 2619 atque
629 2536 800 2621 Belgarum
816 2539 1007 2622 oppugnatio
1030 2544 1079 2604 est
1093 2540 1211 2606 haecza

128 2643 184 2707 ubi
207 2644 408 2708 circumiecta
427 2642 631 2706 multItudine
654 2642 820 2706 hominum
841 2645 914 2708 totis
936 2644 1103 2710 moenibus
1125 2666 1184 2709 un·

130 2750 225 2833 dique
249 2751 282 2813 in
305 2769 433 2812 murum
456 2748 575 2832 lapides
598 2749 660 2812 iaci
675 2750 778 2832 coepti
793 2753 870 2813 sunt
891 2770 1066 2834 murusque
1081 2752 1185 2816 delen·

130 2856 255 2920 soribus
286 2855 425 2918 nudatus
449 2860 508 2937 est,
540 2855 697 2919 testudine
728 2855 811 2918 facta
843 2854 979 2941 [portas]
1011 2859 1186 2922 succedunt

129 2981 320 3045 murumque
343 2960 509 3025 subruunt.
556 2960 640 3044 quod
663 2965 731 3025 tum
753 2962 845 3025 facile
866 2962 970 3027 fiebat
1014 2982 1089 3026 nam
1112 2983 1211 3028 cuma

130 3072 218 3132 tanta
240 3066 409 3130 multitudo
434 3066 553 3151 lapides
576 3087 613 3130 ac
636 3066 698 3132 tela
720 3068 889 3150 coicerent,
912 3069 947 3131 in
969 3088 1060 3131 muro
1084 3070 1186 3132 consi·

131 3174 235 3240 standi
265 3177 401 3257 potestas
433 3176 500 3236 erat
530 3172 620 3236 nulli.
666 3192 739 3236 cum
767 3172 863 3237 finem
891 3174 1094 3257 oppugnandi
1120 3194 1212 3241 noxa

131 3280 268 3362 fecisset,
295 3279 399 3343 Iccius
427 3279 556 3359 Remus,
584 3298 707 3342 summa
734 3279 898 3344 nobilitate
926 3284 958 3343 et
983 3280 1084 3363 gratia
1106 3281 1187 3344 inter

132 3405 219 3469 suos,
243 3386 389 3468 quitum
413 3384 526 3466 oppido
550 3387 703 3466 praeerat,
728 3403 810 3449 unus
826 3404 869 3449 ex
890 3386 943 3466 iis,
967 3386 1023 3466 qui
1037 3385 1132 3470 legati
1148 3387 1186 3451 dc

133 3511 208 3576 pace
231 3490 272 3554 ad
295 3488 459 3555 Caesarem
487 3495 652 3571 venerant,
679 3492 809 3555 nuntios
832 3490 871 3553 ad
894 3511 967 3556 eum
989 3492 1097 3575 mittit,
1123 3494 1187 3557 nisi

134 3597 311 3662 subsidium
343 3595 404 3660 sibi
436 3596 650 3678 submittatur,
682 3615 750 3660 sese
784 3596 903 3661 diutius
936 3599 1090 3664 sustinere
1122 3618 1187 3664 non

134 3723 234 3788 posse.
278 3700 325 3765 Bo
349 3703 388 3766 de
420 3702 523 3765 media
553 3706 644 3766 nocte
668 3700 783 3766 Caesar
812 3703 915 3767 isdem
941 3704 1076 3769 ducibus
1104 3723 1222 3788 usust

136 3812 192 3894 qui
206 3809 312 3872 nuntii
327 3807 365 3871 ab
380 3808 465 3871 Iccio
481 3813 639 3890 uenerant,
662 3807 816 3872 Numidas
834 3812 866 3873 et
881 3808 989 3874 Cretas
1012 3813 1187 3894 sagittarios

32 3852 364 4197 Nnditores
386 3913 533 3978 Baleares
558 3912 699 3978 subsidio
728 3915 891 3998 oppidanis
914 3918 1022 3997 mittit3
1052 3936 1215 3998 quoruma

997 4020 1032 4075 3*

241 4176 250 4197 -.
343 4146 482 4198 Α
