2738 4424
171 226 212 290 18
568 244 670 298 esur
688 244 829 300 emmor

170 421 253 487 rom,
275 402 310 467 in
333 423 442 470 eorum
461 404 578 469 finibus
596 405 792 471 consedisset
809 406 997 489 tertiamque
1014 407 1136 489 partem
1160 403 1233 488 agri

171 503 325 591 Sequani,
348 511 402 592 qui
422 517 504 575 essct
526 512 663 594 optimus
686 513 784 575 totius
800 510 933 592 Galliae,
956 509 1176 594 occupavisset
1197 513 1233 574 et

171 632 259 679 nunc
291 615 330 681 de
358 616 455 681 altera
482 622 571 700 parte
598 617 690 681 tertia
717 614 881 700 Sequanos
912 616 1064 682 decedere
1094 614 1232 698 iuberet,

171 725 335 804 propterea
359 722 443 803 quod
465 724 574 806 paucis
597 722 759 786 mensibus
782 727 855 786 ante
872 721 1043 787 Harudum
1064 721 1154 786 milia
1171 720 1231 786 ho·

172 827 295 890 minum
314 827 446 892 XXIIII
471 827 511 891 ad
533 847 607 892 eum
630 829 803 910 venissent,
828 828 946 911 quibua
967 828 1058 893 locus
1079 846 1117 892 ac
1135 826 1231 892 sedes

133 952 158 994 11
172 938 365 1015 pararentur.
402 933 545 997 futurum
563 953 630 998 esse
648 935 758 1018 paucis
775 935 880 1014 anule,
902 935 951 998 uti
969 952 1079 998 omnes
1097 951 1139 998 ex
1155 931 1231 997 Gal-

173 1036 233 1100 liac
263 1036 380 1103 finibus
411 1039 602 1123 pellerentur
633 1044 728 1121 atque
760 1058 869 1104 omnes
901 1037 1053 1105 Germani
1078 1038 1230 1104 Rhenum

174 1145 354 1224 transment3
382 1164 486 1226 neque
515 1146 599 1209 enim
623 1145 850 1210 conferendum
876 1163 944 1211 cese
969 1144 1127 1210 Gallicum
1153 1163 1229 1211 cum

175 1248 402 1314 Germanorum
423 1270 498 1334 agro
518 1270 622 1333 neque
641 1251 724 1314 hanc
744 1251 1005 1316 consuetudinem
1027 1249 1132 1316 rictus
1153 1269 1230 1315 cum

134 1374 161 1418 12
173 1355 228 1417 illa
255 1357 506 1438 comparandam.
554 1357 754 1420 Ariovistum
781 1362 899 1438 autem,
929 1361 967 1421 ut
997 1356 1096 1423 semel
1122 1355 1229 1422 Gallo-

173 1479 245 1522 rum
268 1462 373 1543 copias
398 1461 516 1544 proelio
539 1463 663 1546 vicerit,
691 1462 775 1544 quod
802 1463 957 1546 proelium
983 1463 1102 1527 factum
1124 1463 1165 1527 sit
1188 1461 1229 1526 ad

174 1563 432 1649 Magetobrigam,
469 1568 603 1650 superbe
635 1572 668 1633 et
695 1568 865 1632 crudeliter
896 1569 1065 1652 imperare,
1102 1567 1230 1632 obsides

174 1669 363 1735 nobilissImi
399 1673 554 1755 cuiusque
586 1672 704 1738 liberos
739 1692 869 1757 poscere
905 1678 936 1738 ct
971 1674 1005 1738 in
1036 1691 1091 1738 eos
1122 1673 1230 1737 omnia

176 1777 319 1860 exempla
346 1780 567 1862 cruciatusque
594 1779 700 1862 edere,
731 1780 760 1844 si
788 1799 928 1862 quares
954 1799 1020 1843 non
1046 1779 1230 1843 adnutum

135 1903 161 1944 rs
175 1888 230 1948 aut
260 1883 300 1946 ad
331 1884 526 1948 voluntatem
558 1885 627 1951 eius
654 1885 736 1949 facta
764 1886 814 1950 sit
864 1886 1027 1949 hominem
1057 1903 1126 1950 csse
1156 1882 1230 1947 bar·

175 1990 298 2075 barum,
326 1990 526 2075 iracundum,
554 1993 768 2056 temerarium:
796 2011 861 2055 non
885 2010 977 2074 posse
1001 1991 1071 2054 eius
1095 1989 1230 2074 Imperia

136 2117 161 2158 rr
175 2096 294 2161 diutius
322 2098 477 2161 sustineri.
528 2098 589 2161 ulsi
622 2098 698 2180 quid
729 2099 763 2161 in
792 2096 924 2162 Caesare
957 2097 1138 2180 populoque
1164 2094 1230 2160 Ro·

174 2223 266 2266 mano
294 2204 335 2267 sit
366 2203 490 2284 auxilii,
523 2203 670 2267 omnibus
699 2203 798 2268 Gallis
829 2203 915 2267 idem
942 2221 1010 2266 esse
1038 2201 1229 2282 faoIendum,

176 2309 260 2391 quod
282 2309 422 2373 Helvetii
445 2309 588 2392 fecerint,
615 2314 651 2373 ut
676 2309 769 2373 domo
793 2310 960 2392 emigrent,
988 2300 1075 2373 aliud
1098 2307 1230 2372 domici-

173 2415 266 2497 lium,
290 2415 367 2478 altas
389 2414 494 2496 sedes
519 2420 655 2479 remotas
679 2434 697 2477 a
720 2415 898 2496 Germanis,
925 2419 1034 2498 patant
1054 2412 1230 2478 fortunam·

135 2539 161 2581 rs
176 2537 251 2601 que,
276 2538 494 2601 quaecumque
517 2520 649 2602 accidat,
672 2521 882 2604 experiantur.
920 2521 998 2584 hacc
1020 2522 1047 2584 si
1066 2504 1229 2584 enuntiata

174 2625 337 2688 Ariovisto
361 2625 436 2706 sint,
459 2643 523 2688 non
546 2625 704 2709 dubitare,
727 2626 807 2710 quin
830 2625 869 2690 de
887 2625 1035 2690 omnibus
1054 2624 1228 2709 obsidibus,

136 2750 162 2792 ro
177 2731 232 2813 qui
255 2730 339 2814 apud
361 2749 435 2795 eum
458 2731 533 2812 sint,
555 2731 778 2814 gravissimum
797 2732 986 2817 supplicium
1004 2735 1116 2796 sumat
1154 2729 1227 2794 Cae·

176 2856 279 2901 sarem
310 2836 360 2901 vel
394 2838 578 2901 auctoritate
610 2856 667 2901 suo
699 2841 793 2919 atque
831 2839 990 2901 exercitus
1025 2837 1076 2902 vel
1110 2836 1229 2902 recenti

176 2943 308 3007 victoria
335 2943 386 3007 vel
417 2944 545 3006 nomine
571 2943 681 3027 populi
706 2942 842 3007 Romani
870 2943 1026 3008 deterrere
1052 2961 1157 3027 posse,
1187 2961 1230 3006 ne

176 3051 278 3114 maim
306 3048 474 3113 multitudo
505 3048 732 3112 Germanorum
758 3048 906 3113 Rhenum
932 3049 1126 3132 deducatur,
1155 3047 1229 3113 Gal·
1315 3107 1317 3111 .

177 3158 317 3239 liamquc
352 3174 476 3220 omnem
514 3155 552 3219 ab
584 3155 738 3219 Ariovisti
773 3155 890 3218 iniuria
924 3174 1016 3239 posse
1053 3155 1228 3219 defendere.

125 3265 160 3323 82
178 3263 248 3328 Hac
276 3264 416 3326 oratIone
450 3262 489 3326 ab
517 3260 680 3326 Diviciaco
712 3259 821 3325 habita
847 3280 970 3344 omnes,
1002 3262 1059 3344 qui
1090 3261 1229 3343 aderant,

153 3389 292 3453 rmagno
320 3368 396 3433 fletu
424 3369 579 3433 auxilium
607 3389 626 3433 a
648 3365 778 3432 Caesam
805 3372 910 3451 petere
937 3370 1115 3452 coeperunt
1161 3365 1229 3428 ani·

179 3475 347 3539 madvertit
364 3473 477 3539 Caesar
498 3494 580 3539 unos
603 3493 644 3538 ex
667 3473 814 3538 omnibus
833 3471 995 3557 Sequanos
1018 3472 1096 3536 nihil
1120 3489 1229 3534 carum

180 3599 284 3643 rerum
320 3580 434 3662 facere,
472 3600 550 3663 quas
581 3581 679 3644 ceteri
709 3581 861 3662 fecerent,
895 3579 951 3644 scd
987 3579 1092 3643 tristes
1128 3575 1231 3658 capite

182 3686 317 3750 demisso
331 3691 445 3750 terram
462 3687 589 3750 intueri.
626 3687 694 3750 eius
712 3687 758 3751 rei
778 3704 857 3768 quae
875 3703 971 3749 causa
989 3687 1082 3764 esset,
1099 3681 1231 3743 miratus

155 3812 223 3857 aex
241 3793 319 3875 ipsIs
338 3794 480 3875 quaesiit.
516 3792 596 3856 nihil
615 3790 753 3874 Sequani
771 3790 974 3874 respondere,
996 3787 1052 3852 scd
1069 3788 1103 3851 in
1121 3785 1229 3849 cadem

183 3899 311 3963 tristitia
333 3899 420 3962 taciti
443 3917 633 3983 permanere.
680 3917 753 3961 cum
780 3897 819 3961 ab
845 3896 896 3959 his
918 3895 1043 3979 saepius
1066 3897 1234 3977 quaereret
