2738 4424
146 251 209 314 176
541 267 647 322 BELLI
664 266 806 322 GALLICI

118 427 289 493 claborum
313 426 457 491 omnium
479 432 656 513 expectant
700 428 841 492 maxime
867 427 908 491 ad
932 426 1111 510 superiores
1132 443 1202 487 mu-

145 532 283 597 nitiones
304 532 479 617 laboratur,
502 553 564 615 quo
576 532 910 600 Vercassivellaunum
924 533 1057 596 missum
1073 532 1203 596 demon·

146 639 324 703 stravimus.
352 640 501 721 iniquum
515 639 578 704 loci
593 640 634 703 ad
649 639 861 704 declivitatem
875 639 1037 722 fastigium
1050 655 1203 721 magnum

119 743 241 808 shabet
261 749 465 809 momentum.
510 745 566 808 alii
587 745 650 811 tela
672 746 826 828 coiciunt,
854 745 909 809 alii
935 743 1094 809 testudine
1120 744 1203 807 facta

120 853 297 933 asuoeunt3
321 850 495 934 defatigatis
518 851 554 915 in
567 851 671 916 vicem
692 852 809 935 integri
822 850 1007 916 succedunt
1045 867 1140 934 agger
1163 847 1202 911 ab

147 956 305 1021 universis
327 957 363 1020 in
384 958 598 1021 munitionem
612 959 774 1022 coniectus
797 962 829 1022 et
846 975 1013 1022 ascensum
1033 956 1087 1019 dat
1105 954 1203 1018 Gallis

147 1065 179 1125 et
201 1080 250 1146 ea,
273 1081 355 1145 quae
376 1063 411 1125 in
432 1068 516 1128 terra
538 1062 772 1128 occultaverant
792 1063 942 1145 Romani,
965 1063 1116 1146 contegit3
1144 1078 1203 1123 neo

94 1183 131 1240 aa
147 1167 213 1232 iam
234 1187 322 1232 arma
343 1169 461 1233 nostris
482 1188 542 1233 nec
557 1169 640 1233 vires
662 1173 841 1252 suppetunt
878 1169 939 1234 His
957 1168 1054 1233 rebus
1069 1167 1204 1251 cognitis

148 1271 263 1338 Caesar
276 1273 452 1339 Labienum
474 1294 548 1339 cum
565 1274 747 1339 cohortibus
761 1274 810 1338 Vl
825 1274 966 1339 subsidio
985 1272 1204 1338 laborantibus

121 1380 256 1460 emittit3
280 1379 427 1463 imperat,
449 1381 478 1444 si
500 1381 656 1446 sustinere
677 1399 745 1444 non
768 1381 880 1465 possit,
904 1380 1048 1445 deductis
1068 1380 1203 1444 cohorti·

120 1484 208 1552 abus
230 1485 395 1568 eruptione
416 1489 550 1568 pugnet3
579 1484 613 1548 id
635 1486 698 1550 nisi
720 1487 898 1551 necessario
925 1505 966 1551 ne
988 1485 1089 1549 faciat
1134 1485 1203 1568 ipse

147 1589 214 1654 adit
234 1589 387 1672 reliquos;
411 1590 604 1675 cohortatur,
626 1611 667 1656 ne
689 1591 792 1655 labori
814 1591 1036 1672 sucoumbant;
1060 1591 1203 1655 omnium

148 1696 347 1779 superiorum
375 1695 616 1761 dimicationum
640 1697 779 1762 hactum
805 1698 842 1762 in
869 1717 906 1763 eo
935 1699 985 1762 die
1009 1702 1104 1781 atque
1126 1697 1204 1760 hora

121 1800 241 1870 edocet
262 1802 440 1866 consistere.
483 1802 650 1868 interiores
674 1803 846 1888 desperatis
872 1802 1101 1888 campestribus
1122 1802 1203 1867 locis

148 1912 275 1991 propter
304 1907 555 1992 magnitudinem
588 1910 803 1974 munitionum
835 1910 905 1974 loca
937 1913 1106 1995 praerupta
1138 1907 1223 1992 [er]>

148 2032 281 2078 ascensu
311 2017 479 2097 temptant;
512 2014 575 2077 huo
602 2033 651 2098 ea,
684 2034 765 2098 quae
796 2019 997 2099 paraverant,
1029 2015 1203 2079 conferunt

121 2119 351 2188 omultitudine
373 2119 509 2183 telorum
536 2120 740 2186 extorribus
762 2124 999 2206 propugnantes
1026 2119 1203 2202 deturbant,

148 2243 261 2309 aggere
283 2230 315 2289 et
337 2225 475 2289 cratibus
496 2226 596 2290 fossas
619 2227 759 2310 explent,
780 2226 914 2291 falcibus
928 2228 1047 2291 vallum
1070 2246 1107 2290 ac
1127 2226 1203 2291 lori-

95 2347 130 2404 07
149 2349 218 2394 cam
233 2332 427 2396 rescindunt.
460 2331 559 2396 Mittit
572 2333 709 2416 primum
723 2333 861 2397 Brutum
876 2333 1110 2398 adulescentem
1129 2351 1202 2395 cum

150 2436 331 2501 cohortibus
361 2435 488 2520 Caesar,
518 2444 589 2522 post
619 2457 692 2502 cum
724 2439 795 2503 aliis
827 2436 859 2503 O.
882 2437 1016 2502 Fabium
1046 2437 1200 2522 legatum3

121 2546 305 2625 apostremo
324 2543 404 2627 ipse,
426 2562 499 2607 cum
514 2544 732 2608 vehementius
745 2550 952 2628 pugnaretur,
973 2545 1112 2628 integros
1127 2541 1201 2608 sub-

120 2646 229 2716 asidio
256 2646 392 2711 adducit.
436 2649 582 2713 restituto
609 2650 728 2733 proeho
759 2668 796 2712 ac
821 2649 959 2735 repulsis
985 2649 1127 2714 hostibus
1154 2667 1201 2733 eo,

46 2821 49 2826 .
121 2771 213 2836 rquo
235 2749 413 2816 Labienum
434 2754 575 2836 miserat,
602 2754 776 2835 contendit,
804 2756 947 2821 cohortes
968 2755 1035 2820 IIII
1062 2773 1104 2820 ex
1129 2774 1201 2841 pro·

148 2857 238 2922 ximo
260 2857 386 2922 castello
410 2859 549 2941 deducit,
577 2860 719 2942 equitum
744 2866 866 2944 partem
892 2862 1055 2946 sesequi,
1081 2866 1203 2946 partem

149 2965 314 3030 circumire
338 2966 510 3030 exteriores
531 2966 724 3030 munitiones
748 2971 780 3031 et
802 2988 819 3031 a
841 2972 929 3051 tergo
952 2967 1059 3032 hostes
1085 2967 1201 3030 adoriri

122 3070 245 3142 siubet
289 3070 461 3155 Labienus,
487 3076 655 3154 postquam
681 3091 786 3155 neque
813 3092 943 3157 aggeres
969 3091 1073 3157 neque
1099 3074 1202 3139 fossae

149 3176 215 3240 vim
245 3177 384 3241 hostium
410 3177 566 3242 sustinere
596 3181 752 3262 poterant,
784 3180 901 3243 coactis
930 3179 982 3243 XI
1012 3178 1203 3262 oohortibus,

150 3300 229 3364 quas
256 3300 298 3346 ex
323 3283 477 3366 proximis
508 3283 672 3366 praesidiis
703 3285 852 3349 deductas
877 3285 942 3349 fors
968 3284 1094 3370 obtolit,
1127 3283 1203 3352 Gae-

149 3405 251 3451 sarem
281 3407 337 3472 per
363 3389 494 3454 nuntios
519 3389 594 3452 facit
620 3390 798 3474 certiorem,
833 3390 910 3473 quid
939 3390 1121 3456 faciendum
1148 3411 1204 3457 ex·

95 3509 132 3566 ss
149 3493 274 3583 istimet
319 3494 472 3559 accelerat
499 3494 625 3579 Caesar,
656 3501 693 3560 ut
718 3495 837 3579 proelio
865 3496 998 3562 intersit
1043 3497 1122 3562 Eius
1148 3497 1203 3562 ad·

149 3604 248 3663 ventu
271 3618 312 3664 ex
334 3600 438 3664 colore
459 3600 594 3665 vestitus
616 3601 743 3685 cognito
767 3600 843 3685 [quo
869 3602 992 3686 insigni
1017 3603 1052 3666 in
1073 3603 1202 3688 proeliis

149 3704 198 3768 uti
217 3704 394 3790 consueret]
413 3706 588 3789 turmisque
603 3708 746 3789 equitum
766 3712 798 3772 et
812 3707 994 3772 cohortibus
1008 3708 1101 3792 visis,
1123 3726 1201 3791 quas

149 3826 184 3872 se
210 3811 302 3891 sequi
328 3811 473 3894 iusserat,
499 3814 536 3875 ut
563 3811 603 3877 de
629 3811 708 3876 locis
730 3812 946 3897 superioribus
968 3813 1046 3879 haec
1067 3813 1203 3878 declivia
1269 3825 1271 3828 ’

123 3918 183 3982 ret
197 3914 318 3979 devexa
333 3915 551 4001 cernebantur,
565 3918 672 3982 hostes
686 3918 842 4002 proelium
857 3919 1067 3985 committunt
1090 3918 1203 3984 utrim-
