2738 4424
187 218 229 284 ⁷8
581 234 686 290 amru
705 234 846 291 onrrcr

186 391 273 478 quod
294 394 344 459 his
366 395 523 479 superatis
545 400 601 459 aut
621 397 727 462 reditu
748 398 929 463 interclusis
951 396 1113 464 neminem
1134 401 1246 482 postea

184 499 262 564 belli
284 500 443 565 inferendi
465 520 561 566 causa
587 502 620 565 in
643 501 843 567 Britanniam
870 504 1079 569 transiturum
1106 501 1245 568 confide-

185 605 272 670 bant.
317 607 424 688 itaque
438 625 550 671 rursus
566 609 783 672 coniuratione
798 607 881 673 iacta
901 609 1054 693 paulatim
1077 627 1119 674 ex
1133 608 1245 673 cosmo

132 717 168 776 81
187 711 348 777 discedere
371 716 403 776 et
424 731 498 776 suos
522 712 603 776 clam
626 731 668 777 ex
691 714 776 798 agris
800 713 957 779 deducere
979 718 1160 798 coeperunt
1199 712 1247 778 At

187 815 314 900 Caesar,
337 818 396 882 etsi
417 817 561 882 nondum
585 837 693 883 eorum
718 819 850 884 consilia
864 824 1068 905 cognoverat,
1090 824 1197 885 tomen
1212 822 1246 884 et

186 941 229 988 ex
250 927 366 988 eventu
388 923 520 987 navium
542 943 673 988 suarum
700 929 732 990 et
759 943 802 990 ex
823 944 875 1008 eo,
903 925 988 1008 qnod
1015 925 1141 990 obsides
1168 924 1245 990 dare

159 1029 434 1112 aintermiserant,
456 1030 523 1095 fore
544 1029 592 1115 id,
616 1031 702 1114 quod
717 1030 843 1115 accidit,
866 1031 1094 1116 suspicabatur.
1137 1031 1245 1115 itaque

186 1135 227 1198 ad
250 1154 359 1200 omnes
382 1154 474 1200 casus
496 1135 637 1199 subsidia
660 1136 867 1220 comparabat
905 1156 980 1201 nam
1002 1141 1035 1202 et
1048 1136 1244 1202 frumentum

186 1258 229 1304 ex
251 1242 335 1325 agris
358 1243 473 1307 cotidie
495 1242 531 1304 in
553 1246 656 1307 castra
677 1242 858 1307 conferebat
880 1247 924 1326 et,
951 1261 1033 1326 quae
1055 1243 1243 1328 gravissime

186 1345 329 1410 adflictae
352 1352 442 1411 erant
464 1367 575 1432 naves,
598 1367 708 1413 earum
729 1349 862 1413 materia
884 1353 979 1432 atque
1006 1366 1079 1413 aere
1106 1347 1148 1412 ad
1169 1347 1244 1412 reli-

187 1469 267 1533 quas
289 1451 476 1517 reficiendas
494 1453 642 1519 utebatur
664 1458 709 1536 et,
731 1472 813 1536 qnae
835 1454 877 1519 ad
899 1473 952 1519 eas
974 1472 1025 1518 ras
1047 1457 1138 1519 erant
1159 1452 1244 1538 usui,

159 1575 229 1622 aex
260 1559 436 1622 continenti
468 1559 642 1644 comparari
673 1559 809 1624 iubebat
858 1560 979 1643 itaque,
1011 1579 1086 1624 cnm
1117 1578 1242 1623 summo

187 1662 292 1727 studio
315 1683 334 1727 a
359 1664 514 1729 militibus
541 1665 826 1750 administraretur,
853 1665 921 1730 ΧΠ
947 1664 1085 1730 navibus
1111 1664 1244 1747 amissis,

132 1781 168 1840 sn
186 1769 318 1852 reliquis
340 1774 377 1834 ut
398 1771 541 1855 navigari
563 1772 640 1836 satis
663 1772 826 1837 commode
853 1776 972 1856 posset,
999 1771 1108 1836 effecit.
1155 1768 1242 1834 Dum

187 1893 224 1938 ea
250 1880 417 1958 geruntur,
443 1876 568 1960 legione
596 1895 636 1941 ex
665 1877 893 1942 consuetudine
925 1895 990 1940 una
1014 1876 1244 1940 frumentatum

184 1981 300 2065 missa,
318 2000 399 2065 qnae
421 1982 638 2066 appellabatur
659 1981 741 2067 VlI,
764 2002 869 2066 neque
896 1981 963 2046 ulla
990 1981 1030 2045 ad
1056 1981 1091 2046 id
1118 1985 1244 2066 tempus

185 2086 262 2152 belli
285 2089 464 2171 suspicione
487 2079 682 2173 interposita,
706 2109 780 2153 oum
801 2108 874 2173 pars
901 2088 1068 2152 hominum
1095 2087 1129 2151 in
1157 2087 1243 2171 agris

185 2200 374 2277 remaneret,
404 2214 477 2279 pars
504 2195 599 2259 etiam
625 2195 660 2258 in
687 2200 788 2259 castra
814 2195 983 2260 ventitaret
1025 2193 1065 2278 ii,
1097 2193 1154 2278 qui
1185 2212 1242 2277 pro

185 2301 284 2384 portis
311 2305 486 2364 castrorum
512 2302 548 2364 in
574 2301 708 2365 statione
736 2304 836 2383 erant,
864 2298 988 2364 Caesari
1014 2299 1245 2363 nuntiaverunt

185 2406 349 2489 pulverem
371 2407 536 2490 maiorem,
560 2424 656 2489 quam
679 2405 875 2470 consuetudo
898 2405 1006 2489 ferret,
1032 2406 1067 2468 in
1090 2423 1128 2468 ea
1153 2408 1243 2488 parta

159 2511 300 2596 avidori,
324 2532 419 2594 quam
441 2513 476 2574 in
497 2516 619 2595 partem
641 2511 722 2594 legio
747 2512 808 2574 iter
829 2511 962 2575 fecisset.
1008 2509 1121 2574 Caesar
1143 2545 1186 2556 ·-
1209 2508 1243 2572 id

187 2618 271 2700 quod
300 2622 431 2681 erat-
459 2619 637 2701 suspicatus
663 2617 783 2699 aliquid
810 2617 886 2681 novi
914 2636 933 2679 a
957 2615 1100 2680 barbaris
1127 2615 1242 2680 initum

77 2751 80 2756 ·
186 2722 324 2804 consilii,
343 2723 498 2806 cohortes,
518 2741 599 2804 quae
617 2723 652 2785 in
665 2722 853 2787 stationibus
872 2727 974 2806 erant,
992 2741 1101 2786 secum
1119 2721 1153 2785 in
1172 2739 1242 2785 eam

185 2833 306 2913 partem
329 2827 498 2911 proficisci,
520 2847 563 2893 ex
584 2828 716 2911 reliquis
731 2827 810 2891 duas
823 2829 859 2891 in
873 2829 1042 2893 stationem
1063 2827 1242 2911 succedere,

158 2934 324 3017 areliquas
351 2935 466 2997 armari
494 2938 525 2998 et
551 2934 717 2998 confestim
741 2952 810 2998 sese
837 2933 991 3017 subsequi
1017 2934 1117 2998 iussit
1167 2952 1242 2997 curn

185 3040 280 3124 paulo
297 3040 423 3124 longius
439 3060 457 3103 a
472 3041 583 3104 castris
597 3040 812 3124 processisset,
834 3058 909 3103 suos
924 3038 964 3103 ab
980 3038 1124 3103 hostibus
1139 3039 1242 3123 premi

186 3153 280 3230 atque
303 3163 395 3230 aegre
417 3148 572 3211 sustinere
595 3151 627 3211 et
649 3145 789 3210 conferta
802 3146 928 3228 legione
951 3164 994 3210 ex
1009 3144 1156 3209 omnibus
1170 3163 1241 3227 par-

157 3253 271 3318 atibus
293 3252 357 3317 tela
379 3253 459 3317 coici
483 3252 711 3316 animadvertit
748 3272 823 3314 narn
847 3251 933 3335 quod
951 3251 1037 3315 omni
1052 3269 1093 3315 ex
1108 3249 1241 3333 reliquis

184 3359 327 3442 partibus
350 3359 492 3423 demesso
514 3358 672 3423 frumento
695 3377 768 3441 pars
791 3377 855 3420 una
881 3362 949 3422 erat
975 3357 1110 3439 reliqua,
1138 3345 1241 3439 suspi-

186 3465 248 3528 cati
269 3465 375 3528 hostes
397 3465 459 3528 huo
481 3469 606 3527 nostros
629 3482 696 3528 esse
720 3467 872 3528 venturos
886 3465 983 3526 noctu
1001 3462 1034 3524 in
1058 3461 1146 3525 silvis
1162 3460 1240 3523 deli·

158 3574 324 3652 ctuerant;
348 3575 417 3633 tum
440 3569 597 3653 dispersos
620 3569 770 3651 depositis
792 3569 888 3631 armis
914 3568 949 3630 in
970 3565 1118 3632 metendo
1146 3585 1240 3629 occu·

184 3680 274 3759 patos
306 3675 410 3739 subito
446 3675 547 3739 adorti
583 3675 694 3758 paucis
729 3674 901 3739 interfectis
937 3672 1076 3756 reliquos
1110 3671 1239 3735 incertis

186 3781 352 3846 ordinibus
382 3780 658 3866 perturbaverant,
692 3780 788 3843 simul
819 3780 961 3862 equitatu
994 3782 1089 3860 atque
1120 3775 1240 3841 essedis

129 3895 168 3953 88
186 3886 467 3953 circumdederant.
514 3885 622 3951 Genus
636 3886 697 3949 boc
717 3889 765 3951 est
782 3903 824 3950 ex
841 3882 959 3949 essedis
973 3900 1112 3967 pugnae:
1136 3882 1239 3966 primo
