2738 4424
445 253 628 310 uesnvu
648 254 866 311 cmo-or.
1123 239 1182 302 15⁷

128 413 255 480 nebant
279 412 402 500 Caesar,
417 437 491 482 cum
503 418 615 500 iniquo
629 417 699 480 loco
714 416 849 501 pugnari
864 416 1064 499 hostiumque
1080 417 1186 499 copias
1206 423 1240 478 lt

129 521 239 606 augeri
262 519 396 606 videret,
422 529 642 606 praemetuens
664 523 731 586 suis
753 522 793 585 ad
814 521 846 584 T.
870 519 1015 587 Sextium
1038 522 1185 607 legatum,

130 647 226 712 quem
256 627 433 692 minoribus
467 629 576 693 castris
608 627 764 712 pracsidio
796 627 979 710 reliquerat,
1015 628 1113 711 misit,
1151 633 1186 694 ut

129 735 272 798 cohortes
295 751 338 798 ex
359 735 468 798 castris
490 734 634 799 celeriter
657 734 806 798 educeret
832 740 864 799 et
890 732 949 798 sub
973 732 1081 797 infimo
1105 734 1186 799 colle

128 858 169 904 cn
193 839 304 904 dextro
325 840 422 906 latere
445 840 582 904 hostium
605 840 823 922 constitueret,
845 845 893 923 ut,
920 840 947 904 si
970 844 1094 904 nostros
1116 840 1212 910 locor

130 945 278 1029 depulsos
306 945 450 1028 vidisset,
478 946 648 1028 quominus
675 945 775 1010 libere
801 944 907 1010 hostes
934 945 1185 1030 insequerentur,

130 1055 267 1116 terreret
313 1051 380 1134 ipse
406 1051 536 1135 paulum
564 1071 606 1117 ex
633 1069 670 1115 eo
698 1051 768 1115 loco
796 1070 869 1116 curn
896 1051 1021 1134 legione
1043 1070 1212 1135 prognes-³

128 1176 197 1240 sus,
229 1154 285 1220 nbi
312 1158 506 1242 constiterat,
538 1160 689 1221 eventum
715 1175 841 1241 pugnae
868 1156 1060 1240 expectabat.
1107 1155 1186 1221 Cum
1204 1177 1240 1235 50

129 1263 281 1328 acerrime
308 1263 487 1327 comminus
513 1268 721 1346 pugnaretur,
753 1263 859 1327 hostes
886 1263 955 1326 loco
988 1266 1019 1329 et
1045 1282 1186 1346 numero,

128 1370 229 1433 nostri
260 1369 377 1433 virtute
410 1367 617 1451 confiderent,
651 1369 755 1433 subito
790 1372 865 1432 sunt
896 1368 1023 1433 Haedui
1055 1369 1114 1435 visi
1146 1369 1185 1434 ab

128 1475 225 1540 latere
253 1475 368 1539 uostris
395 1479 515 1557 aperto,
548 1494 627 1556 qnos
655 1474 769 1540 Caesar
800 1474 839 1538 ab
871 1476 982 1540 dextra
1008 1480 1096 1560 perte
1124 1476 1185 1540 alio

127 1599 262 1645 ascensu
284 1599 398 1644 manus
419 1580 618 1646 distinendae
636 1600 732 1645 causa
749 1582 886 1646 miserat
925 1581 957 1646 hi
975 1582 1213 1656 similitudines

128 1704 288 1750 armorum
320 1687 522 1752 vehementer
555 1692 679 1752 nostros
710 1692 958 1771 perterruerunt,
994 1707 1030 1752 ac
1061 1688 1185 1754 tamesi

128 1791 249 1855 dextris
277 1791 395 1857 umeris
427 1793 544 1858 exertis
571 1792 915 1876 animadvertebantur,
947 1793 1033 1875 quod
1061 1795 1185 1878 insigne

127 1900 256 1980 pactum
278 1915 346 1963 esse
370 1903 550 1979 consuerat,
573 1902 678 1963 tamen
700 1899 734 1962 id
754 1899 857 1982 ipsum
876 1900 927 1963 sui
945 1898 1071 1963 fallendi
1091 1919 1185 1964 causa

128 2001 244 2066 milites
266 2002 304 2066 ab
328 2002 471 2068 hostibus
494 2003 612 2068 factum
635 2003 867 2068 existimabant
910 2005 1021 2069 eodem
1044 2010 1211 2089 tempores

127 2106 161 2170 L.
185 2106 301 2172 Fabius
324 2110 479 2192 centurio,
504 2111 623 2192 quique
646 2128 711 2174 una
733 2130 860 2174 murum
883 2112 1100 2192 ascenderant,
1124 2111 1184 2175 cir-

129 2215 289 2279 cumventi
304 2219 399 2297 atque
413 2215 572 2280 interiecti
587 2217 627 2280 de
641 2236 732 2280 muro
747 2215 1043 2300 praecipitabantur.
1072 2217 1113 2282 Μ.
1125 2216 1184 2283 Pe·
1198 2247 1211 2290 ι

128 2321 262 2405 tronius,
290 2320 432 2386 eiusdem
458 2322 592 2406 legionis
619 2323 776 2405 centurie,
804 2342 878 2387 cum
904 2327 1010 2407 portas
1037 2323 1185 2390 excidere

128 2431 260 2492 conatus
283 2432 378 2510 esset,
405 2447 424 2490 a
446 2427 650 2495 multitudine
678 2447 845 2512 oppressus
871 2448 908 2494 ae
930 2429 993 2493 sibi
1016 2430 1185 2514 desperans

128 2533 236 2597 multis
263 2533 327 2597 iam
354 2533 539 2598 vulneribus
571 2535 705 2618 acceptis
736 2535 987 2618 manipularibus
1017 2537 1096 2620 suis,
1130 2538 1184 2620 qui

128 2639 219 2703 illum
242 2640 344 2704 secuti
367 2644 470 2721 erant,
493 2638 680 2723 ‘quoniam',
707 2641 823 2725 inquit,
846 2638 911 2706 ‘me
933 2661 997 2706 una
1020 2642 1184 2708 vobiscum

129 2761 254 2808 serrare
280 2764 345 2809 non
372 2764 513 2829 possum,
541 2751 661 2810 restrae
690 2746 819 2829 quidem
846 2752 930 2812 certe
956 2749 1037 2814 ritae
1064 2751 1184 2834 prospi-

129 2851 223 2933 ciam,
252 2870 331 2933 qnos
354 2851 524 2934 cupiditate
545 2851 663 2935 gloriae
690 2853 846 2917 adductus
873 2855 907 2917 in
929 2855 1107 2938 periculum
1131 2858 1184 2920 de-

129 2955 217 3018 duxi
251 2975 308 3019 vos
326 2955 399 3020 data
416 2957 562 3021 facultate
581 2958 671 3022 vobis
689 2958 864 3023 consulite!
897 2961 993 3024 simul
1011 2962 1045 3025 in
1063 2962 1210 3029 medioss

130 3063 233 3125 hostes
255 3061 375 3144 inrupit
397 3061 584 3146 duobusque
607 3064 778 3129 interfectis
801 3066 939 3148 reliquos
962 3086 981 3129 a
1001 3071 1091 3149 porta
1107 3086 1184 3150 pau·

129 3168 197 3231 lum
219 3166 386 3231 submovit
424 3169 612 3233 conantibus
635 3171 784 3234 auxiliari
807 3171 874 3235 suis
897 3171 1048 3254 ‘frustra’,
1071 3173 1211 3256 inquito

130 3272 232 3338 ‘meae
249 3273 333 3337 vitae
356 3272 526 3339 subvenire
545 3276 716 3356 conamini,
741 3295 834 3357 quem
858 3277 920 3339 iam
938 3279 1068 3360 sanguis
1088 3279 1184 3343 vires·

131 3396 193 3462 que
221 3377 379 3442 deficiunt
424 3379 556 3462 proinde
583 3379 679 3463 abite,
712 3382 787 3444 dum
816 3387 862 3446 est
889 3382 1032 3465 facilitas,
1065 3404 1184 3466 rosque

130 3484 171 3548 ad
192 3484 349 3568 legionem
371 3484 520 3567 recipite!
566 3485 610 3547 ita
631 3505 777 3569 pugnans
804 3492 874 3570 post
894 3489 1025 3571 paulum
1047 3489 1185 3554 concidit

129 3609 167 3653 ac
194 3590 261 3654 suis
291 3590 385 3654 saluti
417 3589 483 3654 fuit
528 3589 649 3673 Nostri,
681 3611 755 3655 cum
787 3593 928 3675 undique
960 3600 1184 3678 premerentur,
1203 3616 1237 3670 51

130 3694 237 3761 XLVI
264 3695 501 3760 centurionibus
528 3696 651 3761 amissis
682 3698 796 3763 deiecti
827 3703 903 3763 sunt
933 3700 1010 3765 loco.
1056 3701 1111 3767 sed
1138 3703 1185 3766 in-

131 3802 314 3867 tolerantius
348 3801 454 3866 Gallos
489 3802 692 3885 insequentes
727 3804 808 3888 legio
845 3805 887 3870 X.
919 3806 1066 3891 tardavit,
1104 3828 1185 3892 quae

129 3928 186 3993 pro
209 3907 350 3974 subsidio
373 3907 467 3990 paulo
496 3909 644 3990 aequiore
674 3909 743 3974 loco
774 3913 962 3977 constiterat
1007 3914 1089 3979 hanc
1116 3934 1212 3983 rur-2
