2738 4424
214 278 278 343 190
609 295 714 351 BELLI
736 296 877 352 emulor

212 458 250 518 ut
275 454 383 519 invitis
409 456 620 541 principibus,
652 459 815 523 resistente
842 462 966 540 senatu,
998 455 1147 521 omnibus
1178 453 1275 518 bonis

212 559 461 644 repugnantibus
491 560 616 625 infirma
646 582 743 627 manu
774 562 876 646 plebis
907 563 1026 627 bellum
1053 561 1214 626 concitare
1241 564 1273 624 et

212 684 321 749 gerere
347 670 459 750 posset
505 667 561 732 sed
588 671 694 732 tamen
725 686 760 732 se
787 672 971 748 contentum
1002 668 1069 732 lore
1097 686 1134 732 ea
1160 683 1273 750 poena,

160 784 195 842 aa
215 790 311 855 quam
331 770 392 835 sibi
414 771 476 856 ipsi
499 774 738 838 contexissent
778 772 879 848 Nocte
901 772 1084 856 insequenti
1104 771 1201 856 legati
1222 789 1272 834 re·

213 895 329 960 sponsa
356 876 396 942 ad
418 896 494 942 suos
515 877 670 960 referunt,
699 877 825 942 obsides
852 877 1032 942 conficiunt
1078 879 1272 941 concurrunt

213 982 409 1064 reliquarum
435 982 597 1047 civitatum
624 984 734 1068 legati,
763 1002 843 1067 quae
865 983 1107 1048 Bellovacorum
1130 981 1272 1066 specula·

188 1085 330 1154 abantur
352 1091 510 1152 eventum
555 1088 681 1154 obsides
705 1089 794 1173 dant,
822 1089 975 1171 imperata
996 1089 1117 1153 faciunt
1139 1091 1273 1170 excepto

215 1190 370 1278 Commio,
398 1213 494 1277 quem
521 1194 617 1259 timor
643 1193 828 1278 prohibebat
858 1195 1048 1277 cuiusquam
1078 1193 1154 1258 fidei
1180 1211 1272 1258 suam

187 1298 410 1366 acommittere
442 1299 584 1364 salutem.
635 1320 710 1363 nam
744 1302 905 1385 superiore
939 1319 1023 1364 anno
1056 1299 1088 1363 T.
1111 1297 1273 1364 Labienus

214 1402 345 1469 Caesam
371 1405 406 1467 in
433 1404 535 1469 Gallia
567 1407 712 1471 citeriore
742 1407 794 1470 ius
821 1406 960 1488 dicente,
991 1423 1065 1469 oum
1093 1403 1272 1468 Commium

214 1510 419 1592 comperisset
445 1510 615 1575 sollicitare
643 1512 786 1576 civitates
818 1517 850 1576 et
880 1511 1132 1575 coniurationem
1162 1514 1273 1575 contra

214 1612 380 1679 Gaesarem
397 1614 512 1699 facere,
535 1615 753 1680 infidelitatem
771 1618 840 1681 eius
863 1617 933 1680 sine
951 1616 1018 1680 ulla
1034 1615 1167 1700 perfidia
1188 1615 1272 1679 iudi·

186 1721 299 1788 icant
320 1721 485 1804 comprimi
506 1740 606 1805 posse.
646 1740 742 1803 quem
766 1723 841 1805 quia
862 1740 928 1785 non
950 1720 1160 1786 arbitrabatur
1178 1739 1272 1785 voca·

213 1829 282 1889 tum
304 1826 340 1890 in
360 1831 462 1891 castra
475 1830 661 1910 venturum,
682 1846 724 1891 ne
746 1827 928 1911 temptando
951 1828 1124 1891 cautiorem
1146 1826 1272 1909 laceret,

214 1929 245 1995 0.
255 1930 453 1997 Volusenum
469 1930 664 2008 Quadratum
682 1933 784 2016 misit,
803 1933 947 2016 quicum
964 1951 1022 2016 per
1036 1932 1271 1997 simulationem

213 2037 375 2121 conloquii
402 2042 526 2102 curaret
551 2037 818 2102 interficiendum.
864 2038 905 2101 ad
932 2055 1002 2101 eam
1031 2056 1099 2101 rem
1132 2037 1273 2103 delectos

187 2143 343 2213 sidoneos
366 2144 396 2208 ei
417 2142 549 2208 tradidit
570 2144 779 2208 centuriones
817 2163 890 2207 cum
913 2143 948 2206 in
971 2143 1179 2227 conloquium
1193 2162 1271 2207 ven·

213 2251 282 2313 tum
309 2254 392 2314 esset
413 2254 457 2332 et,
482 2254 519 2313 ut
545 2254 747 2332 convenerat,
773 2268 905 2312 manum
933 2247 1065 2313 Oommii
1088 2247 1272 2314 Volusenus

213 2355 409 2438 arripuisset,
431 2355 574 2419 centurio
596 2355 648 2419 vel
670 2355 796 2420 insueta
817 2373 851 2418 re
873 2361 1034 2438 permotus
1055 2354 1107 2418 vel
1125 2354 1272 2418 celeriter

213 2479 233 2524 a
253 2459 461 2525 familiaribus
482 2459 658 2545 prohibitus
681 2459 815 2524 (lommii
841 2459 995 2524 conficere
1017 2458 1180 2523 hominem
1203 2478 1270 2526 non

213 2567 329 2648 potuit;
352 2567 491 2648 graviter
512 2570 619 2630 tamen
642 2566 744 2650 primo
766 2565 833 2629 ictu
856 2565 961 2649 gladio
991 2569 1086 2648 caput
1108 2565 1269 2648 percussit.

187 2688 287 2738 ecum
309 2671 471 2753 utrimque
493 2671 591 2754 gladii
618 2671 757 2735 destricti
785 2675 902 2753 essent,
929 2689 994 2734 non
1016 2676 1081 2734 tam
1103 2671 1269 2754 pugnandi

215 2794 310 2858 quam
336 2774 522 2859 diffugiendi
547 2777 608 2840 tuit
633 2781 841 2859 utrorumque
869 2776 1052 2841 consilium:
1079 2781 1270 2861 nostrorum

214 2881 299 2964 quod
329 2881 491 2945 mortifero
522 2882 654 2946 vulnere
686 2879 865 2945 Commium
898 2881 1068 2947 credebant
1101 2881 1269 2967 adfectum,

214 2985 389 3069 Gallorum,
421 2987 506 3069 quod
537 2986 662 3051 insidiis
689 2987 823 3070 cognitis
849 2987 955 3071 plura,
987 3006 1081 3069 quam
1108 2986 1268 3071 videbant,

214 3092 469 3160 extimescebant
519 3112 582 3176 quo
613 3092 695 3157 facto
731 3093 877 3158 statuisse
910 3090 1070 3156 Commius
1103 3092 1271 3157 dicebatur

212 3218 388 3283 numquam
409 3199 446 3264 in
468 3203 671 3283 conspectum
694 3199 881 3281 cuiusquam
902 3198 1036 3263 Romani
1056 3199 1177 3262 venire.

159 3321 194 3376 24
300 3305 557 3370 Bellicosissimis
578 3304 727 3389 gentibus
750 3304 882 3368 devictis
900 3302 1024 3387 Caesar,
1048 3323 1121 3368 cum
1143 3302 1268 3370 videret

213 3410 335 3474 nullam
356 3411 420 3474 iam
444 3429 511 3475 esse
530 3411 700 3495 civitatem,
724 3428 805 3493 quae
823 3408 943 3474 bellum
960 3414 1098 3493 pararet,
1123 3429 1185 3493 quo
1204 3409 1268 3474 sibi

213 3516 385 3599 resisteret,
407 3516 464 3580 sed
486 3535 552 3579 non
573 3516 678 3581 nullos
701 3534 743 3580 ex
765 3516 888 3600 oppidis
912 3516 1100 3600 demigrare,
1123 3534 1164 3580 ex
1184 3517 1270 3600 agris

214 3621 365 3705 diffugere
380 3620 420 3685 ad
434 3641 582 3704 praesens
596 3622 767 3705 imperium
782 3621 975 3703 evitandum,
990 3621 1097 3704 plures
1112 3622 1148 3685 in
1162 3626 1269 3705 partes

187 3727 389 3794 aexercitum
412 3726 570 3791 dimittere
592 3727 761 3790 constituit.
806 3725 848 3791 M.
867 3727 1046 3791 Antonium
1070 3732 1268 3810 quaestorem

214 3850 287 3896 cum
320 3832 446 3916 legione
476 3830 551 3896 XII.
588 3830 648 3895 sibi
680 3833 850 3916 coniungit
900 3832 933 3896 C.
961 3830 1095 3895 Fabium
1127 3832 1268 3915 legatum

214 3955 287 4000 cum
306 3936 486 4000 cohortibus
504 3935 602 4000 XXV
620 3937 717 4000 mittit
738 3937 774 3999 in
793 3936 1036 4001 diversissimam
1056 3942 1177 4022 partem
1195 3936 1269 4003 Gal-
