2738 4424
449 292 557 349 umes
574 292 622 349 vu
641 292 717 350 car.
736 291 858 349 ae-so.
1123 276 1186 342 129
1308 265 1311 270 ’

127 454 187 534 dit3
202 454 346 538 plerique
361 474 461 521 novas
475 455 538 520 sibi
552 474 594 519 ex
607 455 678 519 loco
693 454 863 538 religiones
873 452 1001 538 lingunt
1012 452 1186 538 Cottaeque
1199 478 1214 521 a

128 564 161 625 et
181 558 295 624 litorii
317 560 540 644 calamitatem,
568 561 625 643 qui
647 562 683 625 in
710 560 823 625 eodem
850 559 1023 625 occiderint
1049 559 1185 643 castello,

128 668 202 730 ante
224 665 334 730 oculos
356 671 487 750 ponunt
531 666 588 731 tali
610 666 724 732 timore
747 664 894 731 omnibus
915 665 1089 750 perterritis
1111 684 1212 734 con-s

127 769 272 835 firmatur
294 772 401 856 opinio
423 772 577 857 barbaris,
600 777 637 836 ut
658 791 701 838 ax
716 772 840 856 captivo
858 770 1037 856 audierant,
1059 770 1185 835 nullum

129 896 198 943 esse
224 878 311 942 intus
337 877 539 963 praesidium.
588 896 792 962 perrumpere
822 878 971 942 nituntur
997 896 1095 961 seque
1125 878 1186 962 ipsi
1201 902 1227 947 ro

129 983 349 1067 adhortantur,
376 1003 417 1049 ne
440 988 560 1048 tantam
586 983 746 1049 fortunam
773 1002 816 1049 ex
842 983 991 1049 manibus
1018 982 1186 1049 dimittent.

128 1089 207 1154 lirat
229 1107 323 1174 aeger
349 1090 384 1154 in
406 1090 563 1174 praesidio
585 1090 716 1155 relictus
739 1089 775 1155 P.
798 1087 927 1154 Sextius
948 1089 1101 1175 Rutulae,
1130 1089 1187 1173 qui
1204 1107 1245 1164 aa.

128 1197 268 1279 primum
289 1196 391 1281 pilum
413 1197 498 1280 apud
521 1195 689 1262 Caesarem
711 1195 859 1280 duxerat,
882 1196 974 1260 euius
991 1197 1187 1262 mentionem

129 1301 345 1385 superioribus
367 1302 497 1386 proeliis
519 1302 665 1385 fecimus,
688 1320 725 1365 ac
748 1302 834 1368 diem
856 1301 921 1366 iam
944 1302 1093 1385 quintum
1115 1302 1186 1367 cibo

129 1413 282 1473 carnemt
326 1409 379 1472 hic
402 1406 524 1472 diffisus
547 1421 623 1473 suae
647 1412 743 1492 atque
765 1408 909 1472 omnium
936 1408 1031 1473 saluti
1057 1409 1213 1477 inermies

130 1533 173 1581 ex
199 1514 402 1579 tabernaculo
429 1514 548 1598 prodit,
581 1513 670 1580 videt
699 1514 866 1579 imminere
895 1514 1003 1580 hostes
1029 1518 1124 1597 atque
1151 1515 1186 1580 in

129 1639 253 1685 summo
276 1640 342 1685 rem
367 1638 436 1685 esse
459 1619 656 1684 discrimine:
681 1620 765 1704 capit
787 1639 875 1684 arma
890 1620 1077 1705 aproximis
1093 1626 1187 1704 atqua

129 1727 165 1789 in
191 1731 281 1809 porta
307 1726 460 1791 consistit
509 1729 751 1809 consequuntur
776 1726 862 1792 hunc
888 1727 1089 1792 centuriones
1116 1728 1213 1795 eiuso

129 1832 281 1916 cohortis,
310 1850 392 1915 quaa
419 1833 454 1895 in
480 1833 616 1898 statione
643 1836 724 1912 erat3
751 1831 913 1916 paulisper
938 1851 1004 1897 una
1028 1833 1187 1916 proelium

128 1938 296 2004 sustinent
350 1938 504 2021 relinquit
534 1938 661 2003 animus
691 1935 839 2002 Sextium
869 1938 1020 2021 gravibus
1051 1938 1213 2023 acceptisa

128 2043 331 2125 vulneribus3
355 2027 449 2128 aegre
467 2062 652 2128 parmenus
667 2043 802 2108 traditus
817 2048 970 2109 servatur.
1008 2044 1068 2109 hoc
1083 2045 1185 2128 spatio
1199 2069 1213 2111 a

128 2151 314 2234 interposito
341 2149 459 2232 reliqui
485 2169 554 2215 sese
582 2147 771 2214 confirmant
796 2153 933 2232 tantum,
959 2150 1059 2215 utin
1081 2151 1187 2214 muni-

129 2257 270 2322 tionibus
292 2257 466 2321 consistere
489 2256 628 2322 audeant
648 2256 851 2340 speciemque
874 2255 1075 2321 defensorum
1098 2276 1187 2340 prae-

129 2363 233 2429 beant.
277 2361 412 2427 interim
434 2361 576 2428 coniecta
597 2361 840 2427 frumentatione
862 2362 980 2428 milites
1001 2363 1102 2427 nostri
1124 2363 1187 2428 cla-
1204 2377 1245 2434 aa

128 2488 248 2534 morem
271 2468 462 2551 exaudiunt3
484 2471 693 2553 praecurrunt
715 2469 850 2553 equites,
873 2473 992 2552 quanto
1014 2488 1066 2535 res
1088 2468 1186 2535 sitin

128 2575 284 2660 periculo,
312 2580 516 2659 cognoscunt
565 2575 716 2640 hisvero
739 2574 986 2640 nullamunitio
1013 2579 1073 2659 est,
1105 2594 1213 2660 quaer

129 2682 310 2766 perterritos
332 2682 477 2765 recipiat:
504 2681 600 2746 modo
624 2680 795 2764 conscripti
822 2686 917 2764 atque
939 2677 1018 2746 usus
1039 2677 1186 2746 militaris

129 2787 267 2871 imperiti
289 2786 329 2850 ad
352 2786 518 2850 tribunum
539 2786 680 2851 militum
701 2788 967 2869 centurionesque
986 2806 1041 2852 ora
1055 2807 1187 2853 conver·

130 2897 216 2973 tunt,
241 2891 318 2975 quid
341 2892 380 2956 ab
399 2892 448 2958 his
465 2892 690 2977 praecipiatur,
712 2897 889 2976 expectant
933 2911 1028 2958 nemo
1052 2896 1101 2957 est
1121 2897 1213 2957 tama

129 2999 232 3080 fortis,
255 2997 334 3080 quin
355 2998 403 3063 rei
417 2998 557 3063 novitate
572 2997 782 3082 perturbetur.
819 2998 945 3062 barbari
960 2998 1034 3082 sign
1056 2998 1213 3082 aproculs

130 3102 305 3186 conspicati
327 3104 562 3187 oppugnatione
585 3104 755 3184 desistunt3
778 3104 899 3168 redisse
922 3105 1023 3187 primo
1045 3102 1186 3187 legiones

131 3209 278 3293 credunt,
302 3227 380 3291 quas
402 3208 529 3293 longius
551 3208 733 3274 discessisse
756 3228 798 3274 ex
813 3209 945 3293 captivis
961 3213 1185 3293 cognoverant

130 3319 242 3402 postea
263 3313 409 3398 despecta
434 3315 592 3398 paucitate
619 3332 662 3378 ex
688 3314 837 3379 omnibus
863 3313 1006 3399 partibus
1033 3314 1187 3399 impetum

131 3421 259 3486 iaciunt
301 3417 433 3486 Calones
447 3420 483 3484 in
496 3420 680 3504 proximum
695 3419 855 3484 tumulum
872 3425 1076 3504 procurrunt,
1113 3421 1188 3486 hinc
1205 3437 1242 3494 4⁰

131 3527 277 3592 celeriter
307 3526 421 3590 deiecti
452 3544 486 3590 sa
517 3526 553 3589 in
579 3525 671 3609 signa
696 3527 940 3610 manipulosque
968 3527 1121 3608 coiciunt,
1150 3545 1187 3593 eo

131 3632 235 3716 magis
252 3631 383 3696 timidos
399 3635 576 3715 perterrent
592 3631 718 3697 milites.
764 3631 830 3714 alii,
849 3650 952 3696 cuneo
975 3633 1055 3696 laeto
1078 3638 1116 3697 ut
1138 3652 1214 3700 cea

131 3739 241 3805 loriter
257 3741 476 3822 perrumpant,
499 3741 642 3802 censent:
667 3738 817 3821 quoniam
839 3742 904 3801 tarn
926 3740 1103 3822 propinqua
1125 3741 1189 3804 sint

132 3849 248 3929 castra,
270 3845 331 3909 etsi
351 3863 424 3927 pars
446 3844 554 3926 aliqua
575 3843 792 3909 circumventa
813 3843 973 3926 ceciderit,
996 3849 1029 3908 at
1049 3845 1190 3928 reliquos

131 3951 253 4016 servari
275 3968 367 4034 posse
391 3947 593 4034 [confidunt];
618 3949 685 4031 alii,
708 3953 746 4014 ut
766 3949 801 4012 in
816 3950 891 4033 iugo
907 3951 1079 4015 consistant
1094 3955 1216 4036 atquee
1243 3992 1245 3997 -

179 4069 380 4125 maere.
1015 4072 1033 4124 e
