2738 4424
203 198 266 262 154
597 215 702 270 BELLI
720 214 861 271 GALLICI

202 375 336 439 ationem
357 374 509 441 debonis
530 375 661 461 direptis
678 377 864 461 decernunt,
886 375 1041 440 Litavicci
1062 375 1260 457 fratrumque

200 479 285 544 bona
306 481 481 565 publicant,
509 483 628 566 legatos
651 481 691 545 ad
715 481 880 547 Caesarem
901 481 1061 567 purgandi
1085 481 1137 545 sni
1159 480 1261 564 gratia

173 586 338 659 amittunt.
376 588 454 651 haec
472 588 592 653 iaciunt
608 588 896 672 recuperandorum
919 607 1051 652 suorum
1072 606 1180 667 causa3
1204 584 1259 650 sed

202 694 405 757 contaminati
427 694 566 758 facinore
589 699 620 758 et
643 694 724 777 capti
748 694 935 778 compendio
951 713 993 759 ex
1008 693 1138 777 direptis
1158 691 1261 774 bonis,

202 799 287 882 quod
314 817 352 862 ea
377 817 427 863 res
450 799 489 863 ad
511 801 628 864 multos
651 799 840 883 pertinebat,
869 805 900 864 et
924 801 1037 864 timore
1060 816 1180 883 poenae
1205 815 1261 862 ex·

202 905 303 968 territi
325 905 457 969 consilia
478 905 560 969 clam
582 906 622 969 de
644 905 728 970 bello
755 906 837 970 inire
865 906 1023 989 incipiunt
1051 905 1261 987 civitatesque

174 1010 339 1093 areliquas
361 1010 572 1095 legationibus
595 1012 773 1076 sollicitant.
820 1031 902 1094 quae
925 1012 1049 1076 tametsi
1074 1010 1189 1075 Caesar
1210 1010 1261 1072 in-

201 1115 379 1199 tellegebat,
397 1122 515 1202 tamen,
540 1137 635 1200 quam
649 1117 818 1181 mitissime
832 1122 950 1201 potest,
972 1117 1093 1201 legatos
1109 1115 1259 1201 appellat:

200 1221 280 1285 nihil
303 1241 337 1286 se
360 1228 487 1306 propter
507 1224 706 1287 inscientiam
728 1223 952 1306 levitatemque
968 1224 1057 1307 vulgi
1072 1223 1204 1307 gravius
1220 1221 1260 1286 de

202 1327 327 1390 civitate
349 1327 491 1393 iudicare
518 1347 623 1410 neque
651 1328 690 1392 de
718 1347 777 1393 sua
804 1330 838 1392 in
860 1327 1012 1392 Haeduos
1038 1327 1262 1393 benevolentia

176 1431 395 1506 ademinuere.
440 1434 507 1517 ipse
534 1435 685 1499 maiorem
710 1433 830 1500 Galliae
857 1440 980 1499 motum
1009 1439 1191 1519 expectans,
1217 1452 1260 1498 ne

204 1538 243 1601 ab
271 1539 419 1602 omnibus
448 1539 630 1604 civitatibus
662 1540 963 1623 circumsisteretur,
995 1541 1127 1605 consilia
1152 1539 1261 1620 inibat,

204 1663 298 1728 quem
321 1644 362 1710 ad
383 1645 514 1709 modum
532 1665 550 1709 a
566 1644 723 1730 Gergovia
746 1646 917 1710 discederet
939 1666 976 1711 ac
999 1666 1110 1711 rursus
1134 1664 1260 1711 omnem

203 1752 381 1817 exercitum
407 1753 617 1835 contraheret,
648 1772 690 1818 ne
717 1754 868 1837 profectio
895 1757 971 1818 nata
997 1753 1036 1818 ab
1065 1755 1177 1817 timore
1205 1752 1260 1815 de·

202 1859 345 1923 fectionis
367 1859 544 1941 similisque
566 1860 659 1943 fugae
682 1859 849 1923 videretur.

149 1986 184 2040 44
290 1963 379 2029 Haec
392 1966 544 2049 cogitanti
559 1966 701 2029 accidere
714 1966 784 2030 risa
799 1971 846 2031 est
859 1966 992 2030 facultas
1007 1964 1089 2029 bene
1104 1964 1260 2048 gerendae

202 2072 258 2136 rei.
295 2091 370 2134 nam
393 2090 466 2135 cum
489 2071 524 2134 in
546 2072 668 2135 minora
688 2076 791 2136 castra
811 2072 914 2155 operis
934 2071 1145 2155 perspiciendi
1165 2089 1260 2134 causa

201 2179 353 2260 venisset,
380 2177 602 2242 animadvertit
624 2178 749 2260 collem,
778 2178 834 2260 qui
856 2177 896 2240 ab
919 2177 1062 2241 hostibus
1084 2176 1259 2261 tenebatur,

202 2267 358 2347 nudatum
373 2284 568 2366 hominibus,
586 2285 642 2366 qui
657 2283 871 2367 superioribus
887 2282 1001 2347 diebus
1017 2283 1072 2346 vix
1087 2300 1163 2366 prae
1177 2283 1260 2346 mul-

176 2390 340 2458 atitudine
359 2390 446 2453 cerni
463 2394 592 2473 poterat.
631 2390 803 2453 admiratus
822 2390 946 2472 quaerit
967 2407 1008 2452 ex
1025 2389 1167 2472 perfugis
1185 2406 1260 2452 cau·

204 2514 283 2576 sam,
307 2513 443 2576 quorum
462 2514 598 2578 magnus
617 2495 658 2558 ad
677 2513 749 2559 eum
767 2495 881 2558 cotidie
899 2512 1052 2558 numerus
1071 2493 1259 2558 confluebat

175 2599 365 2669 aoonstabat
386 2601 470 2663 inter
492 2619 614 2682 onmes,
643 2600 724 2682 quod
754 2601 818 2663 iam
844 2600 912 2683 ipse
936 2599 1049 2664 Caesar
1070 2618 1127 2683 per
1149 2599 1260 2683 explo-

202 2709 320 2768 ratores
342 2710 546 2789 cognoverat,
570 2705 697 2770 dorsum
721 2725 788 2770 esse
811 2705 879 2769 eins
901 2706 968 2788 iugi
991 2724 1089 2789 prope
1112 2724 1259 2788 aequum,

203 2810 258 2876 sed
285 2811 428 2874 silvestre
455 2815 486 2874 et
512 2816 694 2894 angustum,
725 2831 789 2894 qua
816 2816 898 2876 esset
924 2812 1029 2875 aditus
1062 2811 1102 2874 ad
1128 2811 1259 2876 alteram

175 2923 323 3002 apertem
346 2916 469 3000 oppidi;
491 2918 695 2981 vehementer
715 2918 792 2981 huic
808 2917 882 2981 illos
900 2917 969 2981 loco
989 2919 1100 2981 timere
1117 2936 1177 2981 nec
1194 2917 1259 2980 iam

204 3025 293 3088 aliter
315 3025 444 3107 sentire,
471 3042 536 3086 uno
560 3023 640 3087 colle
663 3023 701 3087 ab
724 3022 876 3088 Romanis
900 3028 1050 3107 occupato
1073 3023 1102 3087 si
1124 3023 1259 3088 alterum

203 3131 394 3212 amisissent,
418 3130 495 3211 quin
516 3147 618 3213 paene
636 3129 866 3194 circumvallati
888 3135 983 3213 atque
1006 3130 1093 3193 omni
1116 3130 1206 3194 exitu
1229 3135 1261 3193 et

177 3235 405 3318 spabulatione
436 3236 598 3300 interclusi
627 3235 816 3300 viderentur.
862 3235 901 3299 ad
933 3236 1020 3313 bunc
1050 3234 1260 3299 muniendum

151 3357 186 3413 45
204 3342 309 3405 locum
332 3359 441 3406 omnes
463 3361 482 3405 a
503 3341 763 3426 Vercingetorige
785 3346 938 3406 evocatos.
984 3340 1054 3405 Hac
1079 3359 1114 3405 re
1137 3342 1261 3424 cognita

205 3445 319 3511 Caesar
349 3447 447 3510 mittit
477 3448 654 3531 complures
686 3449 831 3531 equitum
862 3453 983 3512 turmas
1017 3466 1054 3511 eo
1086 3446 1126 3511 de
1156 3445 1261 3511 media

204 3557 309 3634 nocte3
333 3553 481 3637 imperat,
503 3557 541 3617 ut
557 3553 651 3636 paulo
671 3553 899 3617 tumultuosius
922 3553 1070 3617 omnibus
1093 3552 1170 3616 locis
1191 3570 1260 3636 per·

177 3663 366 3741 evagentur.
411 3659 513 3742 prima
540 3658 611 3723 luce
638 3678 790 3742 magnum
818 3678 988 3722 numerum
1020 3658 1261 3742 impedimento-

204 3782 276 3827 rum
299 3782 341 3827 ex
363 3765 473 3829 castris
495 3765 722 3847 mulorumque
744 3764 877 3847 produci
900 3764 1002 3846 deque
1024 3764 1074 3828 his
1090 3767 1262 3828 stramenta

206 3866 326 3932 detrahi
351 3871 572 3953 mulionesque
604 3888 678 3933 cum
709 3866 882 3933 cassidibus
914 3869 1058 3952 equitum
1090 3871 1194 3954 specie
1225 3888 1263 3935 ac
