2738 4424
217 227 281 292 188
612 245 716 301 Brun
739 245 879 302 GALIJOI

217 404 358 468 liandum
386 404 493 470 animo
521 410 615 489 atque
642 409 739 472 armis
765 409 878 492 parati,
904 426 979 471 cum
1005 404 1275 489 subsequentibus

216 509 395 592 legionibus
421 511 543 575 nullam
572 512 808 577 dimicationem
832 517 1026 596 recusarent,
1053 511 1217 577 turmatim
1239 511 1274 573 11

189 633 292 682 aeum
314 615 419 679 locum
443 617 646 683 devenerunt
693 637 829 700 quorum
851 619 991 684 adventu
1017 638 1092 682 oum
1114 618 1176 682 sibi
1198 615 1275 680 Cor-

217 739 291 785 reus
306 721 443 785 oblatam
459 724 658 789 occasionem
673 725 721 789 111
734 725 890 808 gerendae
905 725 1115 806 existimaret,
1134 725 1274 807 primum

218 846 291 890 cum
313 829 423 912 paucis
445 846 479 893 se
495 829 632 893 ostendit
646 835 741 911 atque
755 830 791 893 in
805 831 968 913 proximas
983 835 1103 894 turmas
1117 830 1274 914 impetum

190 933 298 998 111111,
343 935 443 997 nostri
469 939 650 999 constanter
676 937 840 999 incursum
869 936 1028 1000 sustinent
1053 934 1273 999 insidiatorum

217 1058 322 1123 neque
336 1039 443 1123 plures
457 1039 492 1104 in
510 1060 612 1104 unum
631 1041 739 1106 locum
757 1042 964 1122 conveniunt3
984 1040 1070 1124 quod
1088 1041 1276 1126 plerumque

218 1144 417 1229 equestribus
439 1147 567 1230 proeliis
590 1166 663 1210 oum
681 1152 808 1232 propter
830 1148 968 1230 aliquem
986 1148 1132 1211 timorem
1150 1145 1275 1228 accidit,

164 1264 201 1320 11
218 1255 286 1314 tum
302 1252 503 1316 multitudine
520 1253 662 1336 ipsorum
677 1252 901 1317 detrimentum
915 1253 1076 1336 accipitur.
1111 1251 1192 1315 Cum
1211 1250 1275 1314 dis-

217 1358 328 1441 positis
350 1357 464 1421 turmis
486 1359 520 1420 in
536 1359 638 1421 vicem
659 1359 722 1422 rari
745 1359 974 1443 proeliarentur
991 1376 1095 1442 neque
1114 1357 1275 1421 111111111-

218 1461 278 1526 bus
296 1463 520 1526 circumveniri
542 1482 617 1528 suos
634 1469 830 1548 paterentur,
853 1469 1025 1548 erumpunt
1042 1464 1139 1528 ceteri
1159 1460 1276 1526 Oorreo

191 1568 391 1652 rproeliaute
406 1587 449 1633 ex
464 1568 560 1633 silvis.
598 1568 635 1632 fit
651 1590 767 1654 magna
785 1572 986 1635 contentione
1005 1570 1165 1634 diversum
1183 1587 1276 1652 proe-

217 1672 305 1736 lium.
344 1673 429 1756 quod
452 1692 526 1737 oum
548 1674 667 1739 diutius
689 1676 759 1758 pari
773 1675 874 1739 Marte
896 1676 1043 1758 iniretur,
1064 1675 1218 1759 paulatim
1233 1692 1276 1738 ex

218 1778 307 1843 silvis
328 1780 482 1845 instructa
502 1780 673 1844 multitudo
695 1782 837 1864 procedit
858 1782 1013 1865 peditum,
1042 1799 1123 1865 quae
1149 1784 1276 1843 nostros

218 1885 321 1969 coegit
347 1885 459 1950 cedere
486 1888 616 1970 equites.
662 1886 778 1969 quibus
805 1887 948 1952 celeriter
975 1886 1168 1952 subveniunt
1194 1885 1276 1950 leuis

218 1995 396 2056 armaturae
418 1991 553 2076 pedites,
576 2012 656 2076 quos
679 1999 752 2056 ante
774 1993 914 2076 legiones
937 1994 1050 2057 missos
1073 1992 1181 2076 docui,
1208 1997 1276 2056 tur-

191 2098 342 2181 amisque
363 2102 543 2162 nostrorum
569 2098 745 2182 interpositi
772 2102 951 2163 constanter
977 2098 1179 2183 proeliantur.
1216 2119 1276 2182 pu-

218 2208 332 2286 gnatur
347 2204 544 2287 aliquamdiu
558 2205 627 2288 pari
642 2205 857 2285 contention03
883 2203 1006 2286 deinde,
1021 2208 1058 2268 ut
1071 2207 1151 2267 ratio
1166 2208 1276 2287 postu-

218 2306 302 2373 labat
322 2309 448 2394 proelii,
470 2310 526 2393 qui
547 2310 763 2374 sustinuerant
783 2309 902 2393 primos
921 2310 1057 2393 impetus
1076 2308 1275 2393 insidiarum,

219 2415 279 2478 hoc
304 2415 373 2499 ipso
399 2414 483 2480 fiunt
507 2415 698 2499 superiores,
725 2415 818 2497 quod
832 2415 959 2478 nullum
985 2414 1025 2479 ab
1051 2414 1276 2479 insidiantibus

191 2520 433 2604 rimprudentes
463 2527 649 2606 acceperant
679 2521 911 2585 detrimentum.
958 2521 1113 2584 accedunt
1143 2521 1276 2604 propius

220 2625 348 2689 interim
369 2626 521 2710 legiones,
549 2627 715 2710 crebrique
742 2626 853 2690 eodem
880 2630 1019 2711 tempore
1045 2631 1078 2692 et
1103 2626 1275 2690 nostriset

219 2729 364 2794 hostibus
385 2732 491 2794 nuntii
513 2732 710 2814 adferuntur,
737 2733 957 2815 imperatorem
983 2732 1146 2796 instructis
1174 2732 1275 2815 copiis

193 2835 337 2902 1111111.
375 2856 437 2920 qua
458 2856 494 2902 re
516 2837 644 2921 cognita
664 2837 821 2922 praesidio
841 2837 1020 2902 cohortium
1042 2836 1154 2902 confisi
1172 2837 1274 2901 nostri

220 2942 370 3008 acerrime
392 2943 599 3026 proeliantur,
620 2961 675 3026 ne,
697 2944 726 3009 si
747 2944 867 3008 tardius
884 2962 953 3007 rem
970 2945 1151 3027 gessissent,
1173 2943 1275 3007 ricto-

219 3050 287 3115 riae
317 3049 450 3134 gloriam
480 3049 730 3114 communicasse
762 3068 836 3112 oum
865 3048 1047 3134 legionibus
1076 3046 1274 3129 viderentur;

193 3156 325 3222 ahostos
351 3155 524 3221 concidunt
550 3155 664 3219 animis
691 3159 786 3238 atque
812 3155 978 3220 itineribus
1006 3155 1139 3219 diversis
1164 3153 1273 3239 fugam

220 3267 384 3347 quaerimt
419 3262 625 3345 nequiquam,
649 3279 724 3325 nam
743 3261 857 3343 quibus
876 3259 1112 3326 difficultatibus
1129 3261 1274 3325 locorum

193 3368 378 3434 rRomanos
409 3367 554 3432 claudere
582 3367 762 3451 voluerant,
793 3367 832 3430 iis
863 3367 924 3450 ipsi
955 3366 1152 3431 tenebantur.
1197 3367 1274 3431 victi

219 3474 348 3539 tandem
370 3472 569 3558 perculsique
594 3474 714 3536 maiore
740 3476 827 3557 parte
854 3473 968 3536 amissa
990 3473 1181 3537 consternati
1202 3492 1274 3556 pro-

220 3579 348 3665 fugiunt
366 3580 480 3662 partim
494 3578 582 3643 silvis
596 3578 717 3662 petitis,
739 3577 853 3661 partim
870 3577 1017 3662 flumine,
1035 3614 1078 3624 -
1097 3579 1153 3662 qui
1168 3583 1274 3642 tamen

193 3703 208 3749 a
220 3685 256 3749 in
269 3686 346 3769 iuga
360 3703 379 3748 a
392 3685 509 3749 nostris
524 3684 638 3748 acriter
651 3682 895 3768 insequentibus
910 3682 1126 3769 conficiuntur,
1139 3721 1180 3731 -
1200 3703 1274 3748 cum

221 3791 350 3856 interim
375 3789 464 3855 nulla
490 3789 667 3855 calamitate
688 3791 791 3854 victus
814 3788 948 3853 Correus
975 3789 1128 3855 excedere
1155 3790 1276 3874 proelio

221 3895 383 3978 silvasque
408 3899 514 3979 petere
545 3899 601 3960 aut
626 3894 835 3960 invitantibus
866 3895 984 3959 nostris
1011 3895 1051 3959 ad
1082 3895 1275 3960 deditionem
