2738 4424
168 186 231 251 168
562 205 667 261 ΒΕ1Η
685 205 827 263 emmor

165 364 322 430 rationem
349 364 487 432 habeant
516 387 582 433 neu
613 387 647 433 se
674 370 791 452 optime
823 369 864 434 de
890 368 1053 434 oommuni
1080 367 1228 432 libertate

166 471 315 535 meritum
341 472 487 537 hostibus
514 474 550 538 in
577 475 752 538 eruoiatum
780 473 903 540 dedant.
949 472 1090 557 quodsi
1116 471 1228 536 indili-
1281 485 1283 489 ’

165 578 325 661 gentiores
356 577 487 661 fuerint,
523 580 612 642 milia
644 580 810 645 hominum
845 580 967 645 delecta
998 577 1128 644 LXXX
1159 595 1228 642 una

138 701 275 749 osseum
298 684 465 749 interitura
488 684 688 750 demonstrat
726 687 848 753 ratione
870 686 952 752 inita
972 685 1169 750 frumentum
1191 701 1227 748 se

166 789 283 873 exigue
315 789 438 855 diemm
464 789 567 855 XXX
593 790 722 876 habere,
753 791 811 856 sed
840 792 936 876 paulo
969 791 1064 856 otiam
1094 789 1227 873 longius

138 895 291 962 atolerari
322 913 415 980 posse
446 898 612 980 parcendo.
665 898 716 961 his
748 898 828 961 datis
859 897 1028 980 mandatis,
1061 913 1125 978 qua
1156 899 1227 960 erat
1351 955 1352 958 ,

164 1007 309 1067 nostrum
330 1022 409 1086 opus
424 1003 655 1086 intermissum,
679 1003 820 1068 secunda
834 1003 946 1088 vigilia
960 1003 1085 1068 silentio
1100 1001 1227 1084 equita-

138 1111 235 1174 otum
250 1108 387 1172 dimittit
425 1108 620 1174 frumentum
636 1128 729 1173 omne
744 1109 785 1172 ad
800 1128 834 1175 88
848 1109 960 1175 referri
982 1108 1086 1191 iubet;
1107 1107 1226 1191 ,8881118

138 1233 298 1299 rpoenam
320 1215 374 1296 iia,
402 1215 460 1299 qui
485 1234 552 1279 non
578 1215 756 1299 paruerint,
783 1215 960 1296 constituit3
992 1233 1103 1299 peous,
1129 1213 1225 1278 ouius

164 1339 281 1404 magna
306 1325 374 1385 erat
400 1321 490 1404 eopia
517 1320 740 1386 aMandubiis
767 1321 943 1406 compulsa,
969 1321 1090 1385 viritim
1115 1319 1224 1384 distri·

137 1423 247 1505 abuit3
269 1424 464 1491 frumentum
487 1446 580 1511 parce
604 1431 636 1492 et
654 1427 806 1511 paulatim
820 1427 927 1492 metiri
940 1427 1092 1508 instituit3
1115 1425 1224 1509 copias

165 1549 288 1612 omnes,
311 1549 389 1613 quas
411 1551 468 1616 pro
491 1533 606 1616 oppido
630 1533 860 1616 oonlooarerat,
882 1533 918 1596 in
933 1531 1087 1617 oppidum
1100 1531 1224 1615 recipit

136 1634 214 1701 ohis
235 1636 411 1702 rationibus
434 1639 556 1702 auxilia
571 1637 691 1704 Gadiiae
715 1643 882 1723 expectare
905 1643 937 1704 et
951 1637 1071 1703 betium
1086 1635 1223 1701 admini-

163 1745 262 1808 strare
283 1747 380 1826 parat

110 1861 145 1919 ra
253 1847 375 1925 Quibus
396 1849 492 1916 rebus
514 1851 649 1934 cognitis
672 1870 715 1916 ex
735 1850 877 1936 perfugis
899 1853 932 1915 et
953 1848 1087 1935 captivis
1106 1846 1223 1914 Caesar

161 1956 241 2021 haoo
261 1975 378 2041 genera
398 1957 585 2021 munitionis
611 1957 754 2021 instituit
798 1957 915 2021 fossam
936 1955 1055 2039 pedum
1075 1953 1145 2019 XX
1168 1955 1222 2019 de-

161 2062 257 2128 rectis
283 2061 434 2127 lateribus
465 2061 572 2146 duxit,
605 2067 642 2128 ut
668 2065 736 2127 eius
767 2062 869 2127 fossae
900 2061 1006 2126 solum
1030 2060 1222 2125 tantundem

134 2172 295 2253 apateret,
319 2175 474 2252 quantum
496 2188 621 2233 summa
641 2168 732 2232 labra
754 2168 918 2250 distarent3
945 2167 1085 2251 reliquas
1107 2185 1221 2232 omnes

161 2274 355 2339 munitiones
378 2274 417 2338 ab
441 2293 479 2340 ea
495 2275 580 2339 fossa
596 2276 693 2357 pedes
712 2272 812 2339 CCCC
835 2273 967 2339 reduxit
985 2271 1042 2358 [id]
1064 2272 1125 2336 hoe
1144 2290 1221 2337 oon-

162 2379 247 2464 silio,
271 2381 422 2463 quoniam
445 2386 568 2446 tantum
584 2386 667 2446 esset
685 2379 864 2445 necessario
880 2380 1017 2464 spatium
1032 2377 1221 2463 complexus

161 2504 221 2550 neo
246 2485 339 2550 188118
365 2491 467 2551 totum
491 2506 569 2571 opus
596 2506 713 2553 corona
733 2486 872 2550 militum
895 2486 1087 2569 cingeretur,
1113 2501 1155 2548 ne
1179 2485 1220 2549 de

160 2590 331 2673 improviso
355 2597 410 2656 aut
431 2598 528 2657 noctu
550 2593 591 2657 ad
611 2593 803 2656 munitiones
825 2591 994 2655 multitudo
1008 2591 1149 2655 hostium
1164 2590 1220 2654 ad-

160 2695 282 2760 volaret
304 2700 359 2760 aut
379 2697 521 2762 interdiu
548 2698 611 2762 1818
636 2699 672 2762 in
694 2701 820 2761 nostros
845 2698 932 2782 operi
959 2697 1131 2762 destinatos
1153 2696 1220 2761 881-

133 2816 232 2866 aoere
254 2807 391 2885 possent
427 2803 488 2869 hoe
507 2804 686 2868 intermisso
708 2804 809 2888 spatio
829 2804 909 2867 duas
922 2804 1022 2867 fossas
1040 2801 1107 2866 XV
1119 2802 1219 2887 podes

160 2905 240 2973 latas
263 2908 372 2973 eadem
394 2908 561 2976 altitudine
582 2911 744 2994 perduxit;
772 2929 907 2991 quarum
929 2909 1113 2974 interiorem
1134 2926 1219 2971 oam-

160 3013 318 3099 pestribus
341 3033 379 3078 ao
401 3015 544 3081 demissis
566 3016 644 3080 loeis
659 3034 742 3098 aqua
765 3033 807 3080 ex
821 3015 952 3080 flumine
973 3014 1114 3080 derivata
1132 3031 1219 3078 eom·
1333 3083 1335 3087 ,
1359 3082 1363 3090 ,

135 3120 269 3206 8818811
291 3126 364 3206 8881
386 3140 439 3186 eas
461 3141 609 3206 aggerem
631 3141 668 3186 ao
689 3121 810 3185 vallum
831 3120 899 3185 XII
918 3121 1036 3205 pedum
1058 3119 1218 3207 entrnxit3

160 3225 237 3292 huie
258 3227 390 3292 lorioam
411 3229 590 3313 pinnasque
614 3228 729 3293 adieoit
750 3227 924 3312 grandibus
952 3226 1054 3290 oervis
1077 3225 1219 3289 eminen-

161 3330 247 3398 tibus
270 3333 310 3397 ad
325 3335 548 3398 commissuras
562 3334 743 3419 pluteorum
761 3339 855 3416 atque
874 3333 1010 3417 aggeris,
1033 3331 1090 3414 qui
1108 3348 1220 3396 aseen-

161 3457 234 3503 sum
255 3440 395 3504 hostium
417 3440 589 3524 tardarent,
616 3443 648 3504 et
670 3445 773 3504 turres
794 3443 860 3503 toto
883 3456 975 3522 opere
1003 3435 1220 3521 circumdedit,

109 3551 145 3609 13
163 3561 246 3626 quae
267 3544 365 3629 pedes
386 3544 514 3610 LXXX
535 3546 619 3611 inter
645 3564 680 3609 se
704 3545 862 3610 distarent
906 3542 985 3608 Erat
1007 3543 1120 3608 eodem
1141 3547 1220 3607 tem·

161 3669 238 3736 pore
261 3654 293 3716 et
314 3652 473 3716 materiari
495 3656 528 3715 et
548 3652 734 3716 dementari
757 3656 789 3715 ot
809 3654 912 3715 tantas
934 3649 1129 3714 munitiones
1150 3646 1221 3714 fieri

162 3773 293 3822 necesse
320 3757 491 3822 deminutis
516 3758 635 3821 nostris
662 3758 774 3841 copiis,
802 3775 882 3839 quae
909 3756 1037 3841 longius
1064 3775 1083 3818 8
1109 3754 1222 3819 castris

162 3861 457 3946 progrediebantur;
474 3883 511 3926 ao
525 3881 592 3927 non
608 3882 784 3945 numquam
799 3881 894 3946 opera
907 3866 1015 3924 nostra
1026 3860 1111 3925 Galli
1121 3864 1223 3945 temp-
1338 3931 1340 3935 ,
