2738 4424
451 272 559 329 LIBER
576 274 636 330 VH.
655 273 731 330 oAP.
749 275 871 332 59-63.
1124 258 1188 323 163

138 451 251 517 cornu,
270 432 326 498 ubi
341 435 474 518 septima
485 435 569 521 legio
585 436 780 518 constiterat,
798 435 904 501 hostes
917 435 1080 520 pelluntur
1094 439 1189 517 atque

137 538 172 602 in
193 539 301 624 fugam
323 540 515 623 coiciuntu13
543 540 582 605 ab
606 542 747 624 sinistro,
770 560 865 624 quem
887 541 992 604 locum
1013 539 1088 605 ΧΠ
1105 539 1216 623 legioa

137 644 277 730 tenebat,
305 665 378 710 cum
403 646 499 731 primi
524 647 651 712 ordines
677 646 818 712 hostium
843 645 988 712 transfixi
1014 645 1088 730 pilis
1114 663 1189 709 con-

137 750 299 837 cidissent,
330 757 438 817 tamen
464 752 616 818 acerrime
641 753 757 835 reliqui
782 752 982 836 resistebant,
1008 769 1069 817 nec
1095 748 1190 815 dabat

135 857 347 940 suspicionem
377 857 471 943 fugae
498 859 674 942 quisquam.
722 859 790 942 ipse
817 859 885 922 dux
910 857 1049 922 hostium
1076 853 1215 922 damu-a

134 961 269 1047 logenus
294 964 362 1028 suis
389 965 498 1029 aderat
527 969 623 1047 atque
653 983 708 1030 eos
734 964 962 1029 cohortabatur.
1009 966 1042 1027 at
1066 962 1214 1026 incertos

134 1070 230 1133 etiam
260 1088 348 1134 nunc
379 1070 468 1134 exitu
493 1070 656 1155 victoriae,
687 1089 761 1134 cum
787 1069 859 1134 VH.
885 1069 1020 1151 legionis
1050 1067 1187 1132 tribunis

133 1180 218 1240 esset
238 1176 432 1260 nuntiatum,
460 1195 541 1259 quae
563 1177 598 1240 in
620 1177 747 1241 sinistro
770 1194 871 1241 cornu
892 1178 1090 1259 gererentur,
1116 1177 1188 1258 post

132 1283 257 1365 tergum
276 1282 415 1347 hostium
429 1281 587 1366 legionem
606 1282 814 1347 ostenderunt
832 1281 986 1365 signaque
1003 1279 1186 1344 intulerunt

130 1406 173 1451 ne
196 1405 233 1452 eo
258 1387 386 1470 quidem
407 1391 548 1471 tempore
571 1388 740 1470 quisquam
760 1388 831 1452 loco
849 1387 955 1471 cessit,
977 1386 1034 1450 sed
1052 1386 1212 1451 circum-r

131 1494 220 1558 venti
247 1511 357 1558 omnes
382 1493 602 1576 interfectique
628 1497 711 1558 sunt
758 1491 892 1559 eandem
922 1492 1082 1557 fortunam
1113 1491 1212 1556 tulite

131 1596 372 1683 Camulogenus.
406 1602 439 1663 at
455 1599 493 1682 ii,
512 1599 568 1681 qui
587 1598 622 1663 in
639 1599 794 1682 praesidio
815 1602 926 1662 contra
939 1603 1042 1662 castra
1054 1596 1185 1662 Labieni

131 1708 221 1768 erant
246 1704 363 1788 relicti,
395 1723 469 1769 cum
495 1704 652 1788 proelium
679 1704 882 1770 commissum
907 1703 1084 1787 audissent,
1111 1702 1185 1768 sub-

129 1809 210 1874 sidio
242 1810 310 1875 suis
340 1811 447 1875 ierunt
478 1810 654 1893 collemque
685 1813 837 1893 ceperunt
867 1827 973 1892 neque
1003 1812 1184 1873 nostrorum

129 1915 266 1980 militum
288 1916 447 1981 victorum
469 1917 623 1999 impetum
645 1917 801 1979 sustinere
823 1916 1001 1998 potuerunt.
1042 1914 1088 1978 sic
1110 1933 1211 1979 cuma

129 2021 195 2086 suis
227 2021 422 2106 fugientibus
455 2021 618 2104 permixti,
652 2039 732 2104 quos
765 2038 831 2084 non
864 2019 963 2084 silvae
996 2022 1183 2102 montesque

128 2131 290 2210 texerunt,
320 2126 359 2191 ab
387 2127 531 2209 equitatu
558 2129 634 2190 sunt
659 2125 824 2190 interiecti
868 2125 929 2189 hoc
954 2125 1081 2208 negotio
1108 2143 1223 2190 con-rc

128 2233 208 2298 fecto
239 2232 399 2298 labienus
429 2233 598 2298 revertitur
625 2231 840 2316 Agedincum,
870 2229 927 2295 ubi
958 2229 1183 2314 impedimenta

127 2338 224 2404 totius
251 2339 409 2404 exereitus
435 2337 547 2404 relicta
573 2341 675 2420 erant3
706 2337 781 2403 inde
809 2356 883 2401 cum
910 2335 1057 2400 omnibus
1084 2336 1182 2419 copiis

128 2446 168 2509 ad
191 2443 356 2510 Gaesarem
377 2444 530 2528 pervenit

214 2550 400 2616 Defectione
414 2549 621 2615 Haeduorum
640 2548 766 2633 cognita
784 2546 904 2612 bellum
922 2550 1063 2631 augetur.
1096 2547 1181 2631 lega·
1197 2560 1234 2618 es

128 2659 230 2723 tiones
252 2658 287 2721 in
310 2674 419 2722 omnes
441 2659 546 2740 partes
569 2655 870 2735 circummittuntur3
897 2656 1051 2736 quantum
1071 2654 1207 2738 gratiae

128 2764 327 2846 auctoritate,
349 2762 484 2846 pecunia
498 2761 618 2843 valent,
640 2760 681 2824 ad
694 2759 908 2825 sollicitandas
924 2759 1066 2825 civitates
1086 2764 1181 2824 utun·

128 2872 193 2950 tur;
231 2868 318 2932 nacti
351 2867 488 2950 obsides,
524 2885 603 2949 quoe
637 2863 750 2930 Caesar
782 2865 867 2949 apud
899 2884 954 2931 eos
986 2865 1208 2948 deposueretc

127 2974 242 3038 horum
264 2974 418 3057 supplicio
442 2972 622 3037 dubitantes
644 2973 797 3037 territant
841 2975 953 3055 petunt
974 2971 1208 3053 aVercingea

128 3080 230 3163 torige
251 3078 392 3161 Haedui,
418 3082 455 3142 ut
476 3078 517 3142 ed
539 3097 573 3143 se
595 3078 703 3142 veniat
728 3078 929 3159 rationesque
953 3074 1028 3140 belli
1049 3075 1181 3159 gerendi
1296 3158 1298 3163 Ι

129 3185 345 3249 communicet.
390 3203 425 3249 re
451 3185 617 3267 impetrata
643 3183 852 3265 contendunt,
883 3187 919 3246 ut
947 3181 1025 3265 ipsis
1057 3200 1207 3248 summae

129 3291 253 3374 imperii
280 3290 434 3368 tradatur,
466 3293 498 3353 et
523 3306 559 3352 re
585 3289 619 3352 in
647 3289 893 3352 controversiam
925 3287 1060 3352 deducta
1085 3287 1181 3352 totius

130 3395 250 3460 Galliae
273 3395 443 3460 concilium
461 3392 607 3458 Bibracte
629 3393 787 3457 indicitur.
825 3392 1020 3457 conveniunt
1038 3392 1208 3476 undiquee

128 3503 318 3584 trequentes.
373 3499 587 3565 multitudinis
620 3498 778 3582 suffragiis
813 3517 865 3563 res
897 3498 1102 3581 permittitur:
1141 3498 1182 3562 ad

130 3626 231 3672 unum
258 3625 367 3672 omnes
389 3605 681 3688 Vercingetorigem
709 3603 845 3688 probant
870 3604 1097 3687 imperatorem
1142 3601 1208 3673 abr

129 3714 189 3778 hoc
212 3713 345 3777 coneilio
366 3711 471 3793 Remi,
490 3709 661 3794 Lingones,
680 3710 808 3775 Treveri
830 3709 989 3774 afuerunt:
1013 3708 1073 3792 illi,
1097 3708 1182 3793 quod

129 3820 300 3903 amicitiam
314 3817 530 3883 Romanorum
545 3815 768 3899 sequebantur,
786 3815 926 3896 Treveri,
950 3815 1035 3897 quod
1053 3814 1183 3879 aberant

128 3927 256 4010 longius
271 3929 303 3990 et
317 3943 336 3988 a
351 3922 516 3988 Germanis
530 3920 763 4007 premebantur,
784 3941 865 4005 quae
879 3921 941 3984 fuit
955 3939 1063 4002 causa,
1084 3938 1181 4001 quare

973 4025 1002 4076 11
1011 4023 1024 4053 ¹*
