2738 4424
450 219 558 274 LIBER
576 219 599 275 L
622 219 698 276 OAP.
717 217 839 274 24-28.
1132 201 1174 268 15

117 380 201 445 bant
248 381 305 445 diu
327 399 401 446 cum
424 386 507 447 esset
528 386 719 466 pugnatum,
745 381 978 466 impedimentis
1000 380 1204 464 crebisquec

117 488 218 551 nostri
238 489 330 571 potiti
352 492 436 552 sunt
472 487 519 552 ibi
537 485 731 572 Orgetorigis
753 487 820 551 filia
837 492 933 570 atque
956 505 1040 550 unus
1063 506 1080 552 e
1100 486 1175 550 filiis

118 597 228 677 ceptus
250 599 305 658 est
343 612 384 657 ex
407 612 444 658 eo
467 594 586 677 proelio
606 595 731 658 circiter
752 594 919 658 hominum
941 593 1031 656 milia
1049 591 1205 663 CXXXs

118 698 341 782 superfnenrnt
363 707 464 783 eaque
486 703 552 764 tote
573 704 666 764 nocte
689 700 889 765 continenter
914 699 1021 764 ierunt
1044 697 1177 784 [nullam

119 811 239 888 partem
265 806 367 870 noctis
389 806 504 871 itinere
526 803 734 889 intermisso];
762 806 797 868 in
819 804 899 870 fines
921 804 1103 887 Lingonum
1126 804 1177 868 die

120 916 230 993 quarto
256 918 483 996 pervenerunt,
511 931 585 976 cum
611 915 643 975 et
669 916 796 996 propter
821 912 954 975 vulnera
979 911 1118 974 militum
1145 914 1178 976 et

118 1022 243 1102 propter
260 1017 455 1101 sepulturam
478 1019 655 1082 occisorum
676 1018 777 1083 nostri
800 1016 953 1102 [triduum
974 1016 1099 1102 morati]
1123 1035 1178 1082 eos
1263 1085 1277 1114 ο

119 1124 211 1206 sequi
236 1143 304 1188 non
329 1124 514 1208 potuissent
561 1123 675 1188 (laesor
699 1124 740 1187 cd
762 1123 921 1208 Lingonas
947 1124 1068 1189 litteras
1094 1143 1206 1191 nun-s

119 1230 242 1312 tiosque
264 1230 363 1312 misit,
384 1249 427 1294 ne
450 1249 504 1294 eos
525 1230 684 1294 frumento
702 1248 786 1294 neve
805 1230 868 1293 elic
885 1248 919 1293 re
936 1229 1097 1293 iuvarent:
1122 1230 1178 1312 qui

119 1336 147 1400 si
164 1337 333 1418 iuvissent,
351 1355 385 1402 se
400 1336 512 1401 eodem
525 1336 605 1420 loco,
624 1354 687 1418 quo
701 1335 873 1420 Helvetios,
886 1335 1077 1400 habiturum.
1109 1336 1177 1419 ipse

120 1442 227 1506 triduo
254 1442 434 1507 intermisso
463 1461 537 1505 cum
565 1440 714 1506 omnibus
738 1443 838 1525 copiis
866 1460 920 1506 eos
947 1443 1039 1524 sequi
1066 1442 1177 1524 coepit.

119 1547 262 1614 Helvetii
285 1549 429 1612 omnium
454 1567 563 1613 rerum
586 1549 695 1632 inopia
721 1548 849 1612 adducti
873 1549 994 1631 legatos
1022 1549 1061 1613 de
1089 1548 1177 1612 dedi·
1195 1555 1231 1611 27

120 1655 206 1720 tione
230 1654 270 1718 ad
293 1673 366 1717 eum
388 1654 553 1719 miserunt.
597 1655 653 1736 qui
676 1674 750 1719 cum
772 1674 847 1719 eum
870 1655 905 1717 in
927 1655 1041 1718 itinere
1064 1672 1205 1718 conver

119 1762 240 1825 nissent
261 1779 358 1843 seque
386 1760 427 1824 ad
452 1761 549 1844 pedes
575 1762 784 1845 proiecissent
810 1760 1056 1844 suppliciterque
1078 1759 1178 1824 locuti

120 1866 233 1931 flentes
259 1885 370 1950 pacem
396 1867 548 1950 petissent
575 1871 670 1949 atque
697 1867 813 1932 cosin
840 1885 877 1931 eo
904 1866 988 1950 loco,
1019 1885 1082 1949 quo
1109 1871 1179 1931 tum

120 1977 237 2056 essent,
260 1991 353 2036 suum
370 1973 543 2038 adventum
558 1977 725 2056 expectere
743 1973 901 2055 iussisset,
922 1976 1105 2056 paruerunt.
1139 1991 1206 2037 eos

120 2084 288 2163 postquem
311 2076 425 2144 Caesar
446 2080 602 2163 pervenit,
625 2079 764 2162 obsides,
793 2097 892 2159 arma,
915 2097 1036 2161 servos,
1059 2079 1115 2159 qui
1138 2078 1179 2142 ad

121 2205 175 2252 eos
197 2185 424 2269 perfugissent,
445 2186 596 2269 poposcit.
637 2185 714 2249 dum
737 2203 775 2250 es
794 2185 1028 2266 conquiruntur
1051 2188 1082 2248 et
1104 2202 1206 2249 oon-c

120 2293 277 2375 feruntur,
296 2290 400 2376 [nocte
413 2288 606 2374 intermissa]
625 2291 751 2357 circiter
762 2291 930 2354 hominum
942 2290 1032 2353 milia
1045 2289 1093 2354 VI
1110 2291 1179 2354 eius

121 2399 208 2482 pagi,
232 2399 288 2480 qui
302 2396 502 2482 Verbigenus
524 2397 710 2481 appellatur,
732 2397 801 2461 sive
817 2396 931 2461 timore
945 2396 1115 2480 perterriti,
1137 2414 1179 2460 ne

123 2505 219 2568 ermis
241 2503 363 2568 traditis
386 2503 539 2588 supplicio
567 2502 792 2585 adficerentur,
819 2503 887 2568 sive
914 2521 971 2586 spe
992 2502 1103 2566 salutis
1129 2502 1180 2566 in·

125 2610 225 2695 ducti,
248 2609 334 2693 quod
349 2610 383 2672 in
398 2613 487 2674 tante
508 2609 712 2673 multitudine
728 2609 950 2673 dediticiorum
965 2627 1056 2672 suam
1073 2607 1180 2692 fugem

124 2721 180 2781 cut
216 2715 366 2780 occultari
402 2720 457 2780 aut
491 2716 619 2780 omnino
655 2715 794 2799 ignorari
826 2733 918 2798 posse
957 2715 1182 2798 existimarent,

124 2823 227 2906 prima
252 2826 344 2886 nocte
377 2840 395 2886 e
422 2821 533 2886 cestris
559 2820 781 2887 Helvetiorum
814 2822 933 2906 egressi
962 2821 1003 2885 ad
1032 2819 1181 2885 Rhenum

124 2927 269 3011 finesque
301 2927 532 2993 Germanorum
563 2927 802 2993 contenderunt
852 2925 945 3004 Quod
975 2926 1032 2990 ubi
1068 2924 1183 2990 Caesar
1199 2938 1237 2994 28

124 3035 244 3118 resciit,
269 3053 406 3117 quorum
428 3032 586 3118 perfines
609 3034 725 3116 ierant,
748 3033 811 3118 his,
834 3034 883 3097 uti
905 3033 1128 3115 conquirerent
1151 3038 1183 3095 et

126 3140 327 3222 reducerent,
358 3140 387 3204 si
419 3140 481 3204 sibi
511 3139 638 3224 purgati
671 3158 739 3206 esse
763 3139 892 3222 vellent,
923 3138 1102 3222 imperavit3
1134 3155 1183 3200 re-

128 3247 240 3310 ductos
265 3246 301 3308 in
323 3246 462 3310 hostium
493 3264 625 3309 numero
656 3245 783 3327 habuit3
815 3245 957 3327 reliquos
988 3261 1098 3308 omncs
1129 3242 1211 3308 obn
1344 3267 1347 3273 ·

128 3352 265 3435 sidibus,
296 3351 405 3433 armis,
434 3352 575 3436 perfugis
605 3351 731 3416 traditis
761 3352 798 3415 in
829 3350 1023 3416 deditionem
1054 3350 1183 3432 accepit

128 3458 307 3541 Helvetios,
328 3456 493 3542 Tulingos,
515 3456 701 3541 Latobrigos
723 3457 759 3522 in
780 3455 862 3520 fines
879 3475 965 3540 suos,
988 3455 1074 3519 unde
1096 3461 1214 3522 ercnts

128 3564 274 3649 profecti,
301 3563 418 3629 reverti
442 3562 550 3646 iussit,
577 3567 609 3629 et
636 3562 722 3646 quod
749 3562 899 3627 omnibus
920 3561 1065 3646 frugibus
1093 3562 1186 3626 emis·

131 3672 175 3736 sis
202 3669 289 3735 domi
315 3669 397 3734 nihil
419 3673 497 3752 eret,
525 3685 589 3751 quo
615 3668 731 3732 famem
753 3668 933 3753 tolerarent,
959 3667 1188 3753 Allobrogibus

130 3777 309 3862 imperavit,
335 3780 373 3840 ut
397 3775 440 3839 iis
465 3773 617 3840 frumenti
640 3775 762 3859 copiam
783 3773 936 3855 iacerent3
963 3774 1049 3859 ipsos
1071 3773 1205 3871 oppida·
1302 3764 1305 3769 ’

131 3884 295 3967 vicosque,
324 3900 404 3968 quos
430 3881 650 3965 incenderant,
672 3881 839 3947 restituere
860 3880 960 3945 iussit
1005 3878 1041 3945 id
1061 3896 1101 3945 ec
