2738 4424
462 254 570 311 LIBER
586 256 620 311 V.
639 256 716 314 osP.
730 258 853 315 47-50.
1122 240 1184 305 105

216 412 300 479 Galli
320 433 356 480 re
382 417 509 501 cognita
533 437 591 502 per
617 419 832 503 exploratores
864 418 1063 484 obsidionem
1089 417 1186 483 relin-
1203 420 1240 477 4⁹

128 524 245 604 quunt,
276 520 317 585 ad
349 519 515 587 Gaesarem
542 524 692 588 omnibus
723 525 822 610 copiis
854 525 1058 590 contendunt
1107 524 1187 589 haec

128 630 220 691 erant
250 631 370 690 mmata
400 627 525 693 circiter
554 629 644 694 milia
674 628 742 694 Lx.
793 628 901 696 Cicero
934 631 1008 695 data
1037 628 1213 694 boultatea

129 728 256 795 Gallum
279 731 446 798 abeodem
461 733 645 818 Verticone,
669 755 765 820 quem
782 755 879 821 supra
892 734 1185 817 demonstravimus,

128 837 255 922 repetit,
279 838 336 922 qui
358 839 479 904 litteras
501 840 542 905 ad
566 839 732 906 Gaesarem
755 841 881 907 deferat.
925 842 1014 906 hunc
1029 840 1213 923 admoneto

128 943 189 1009 iter
211 948 303 1009 caute
318 945 550 1030 diligenterque
571 946 673 1012 faciat
710 947 879 1032 perscribit
900 948 936 1013 in
950 947 1063 1011 litteris
1080 946 1186 1010 hostes

127 1049 168 1115 ab
191 1069 226 1116 se
254 1050 434 1117 discessisse
462 1071 652 1135 omnemque
679 1054 719 1118 ad
747 1072 821 1118 eum
847 1053 1085 1117 multitudinem
1111 1070 1186 1116 con-

127 1157 269 1221 vertisse.
316 1156 432 1241 quibus
454 1158 566 1223 litteris
589 1159 716 1224 circiter
740 1160 847 1225 media
871 1164 965 1223 nocte
992 1156 1106 1223 Caesar
1131 1156 1186 1220 ad·
1199 1178 1217 1230 t

127 1261 201 1327 latis
227 1282 302 1327 suos
328 1262 404 1328 facit
430 1264 580 1330 certiores
611 1283 729 1348 eosque
760 1264 801 1329 ad
833 1264 1048 1330 dimicandum
1079 1263 1184 1327 animo

128 1366 302 1433 confirmat
339 1372 463 1453 postero
479 1370 530 1434 die
552 1370 623 1435 luce
645 1371 747 1455 prima
761 1375 868 1435 moret
883 1376 985 1435 castra
1007 1374 1039 1434 et
1061 1369 1212 1434 circitare

127 1474 219 1539 milia
239 1493 392 1559 passuum
414 1474 480 1539 ΙΠΙ
497 1496 683 1561 progressus
705 1482 791 1542 trans
807 1476 923 1543 vallem
937 1481 969 1542 et
982 1477 1090 1541 rivum
1103 1474 1185 1539 mul·

129 1579 298 1645 titudinem
321 1581 459 1645 hostium
484 1584 691 1667 conspicatur.
737 1588 804 1649 erat
833 1585 942 1668 magni
967 1582 1101 1668 periculi
1127 1599 1213 1664 res,s

128 1685 261 1751 tantulis
283 1687 383 1771 copiis
406 1687 518 1770 iniquo
541 1688 610 1753 loco
634 1688 798 1771 dimicare,
822 1693 905 1772 tum,
929 1690 1081 1772 quoniam
1104 1687 1186 1752 obsi-

128 1790 225 1857 dione
247 1791 418 1857 liberatum
446 1791 629 1859 Ciceronem
656 1795 788 1879 sciebat,
816 1813 918 1878 aequo
946 1796 1052 1858 animo
1079 1793 1186 1857 remit-

128 1897 262 1963 tendum
276 1898 317 1963 de
332 1898 490 1964 celeritate
506 1899 722 1964 existimabat:
743 1901 880 1964 considit
895 1904 933 1984 et,
950 1919 1046 1982 quam
1061 1899 1186 1980 aequis·

128 2002 208 2067 simo
230 2008 334 2088 potest
354 2003 436 2089 loco,
460 2010 562 2069 castra
584 2005 760 2070 communit
781 2010 877 2087 atque
900 2006 991 2089 haec,
1014 2004 1073 2067 etsi
1096 2007 1212 2070 erantr

128 2109 247 2193 exigua
276 2127 334 2194 per
364 2128 412 2193 se,
448 2111 505 2173 vix
538 2111 704 2174 hominum
736 2110 860 2174 milium
888 2111 966 2193 Vll,
1001 2110 1185 2194 praesertim

127 2213 226 2278 nullis
249 2234 322 2278 cum
344 2215 594 2301 impedimentis,
617 2221 723 2281 tamen
746 2217 900 2300 angustiis
922 2217 1060 2300 viarum,
1089 2234 1185 2298 quam

127 2320 269 2384 maxime
281 2325 392 2405 potest,
415 2323 584 2405 contrahit,
608 2341 645 2387 eo
668 2323 812 2407 conside,
835 2326 872 2386 ut
888 2323 924 2386 in
939 2341 1094 2386 summam
1111 2339 1185 2386 con·

128 2426 335 2510 temptionem
365 2426 510 2492 hostibus
540 2429 655 2492 veniat
709 2429 836 2492 interim
870 2426 1120 2512 speculatoribus
1151 2427 1211 2493 ins

129 2549 239 2596 omnes
261 2537 366 2616 partes
385 2533 525 2598 dimissis
540 2534 695 2618 explorat,
719 2553 781 2618 quo
797 2533 1049 2599 commodissime
1072 2534 1184 2598 itinere

35 2682 38 2690 ·
129 2636 245 2702 vallem
267 2639 400 2703 transire
423 2640 528 2723 possit.
573 2638 620 2702 Eo
644 2640 694 2704 die
716 2640 858 2724 parvulis
880 2639 1081 2723 equestribus
1095 2658 1185 2724 proe-
1201 2653 1239 2708 5⁰

128 2741 180 2807 liis
211 2743 252 2808 ad
283 2763 400 2827 aquam
430 2744 521 2809 factis
552 2747 682 2829 utrique
714 2765 782 2811 sese
814 2765 871 2810 suo
903 2746 972 2810 loco
1007 2746 1183 2810 continent:

130 2848 224 2932 Galli,
248 2849 333 2932 quod
355 2850 521 2935 ampliores
544 2853 662 2936 copias,
690 2871 771 2934 quae
793 2851 937 2916 nondum
964 2854 1211 2932 conveneranta

129 2955 350 3040 expectabant,
384 2954 511 3040 Caesar,
542 2957 570 3021 si
596 2958 674 3022 forts
701 2958 823 3022 timoris
850 2957 1052 3022 simulatione
1079 2957 1211 3021 hostesa

129 3060 282 3125 insnum
304 3061 410 3126 locum
433 3062 547 3127 elicere
569 3067 686 3147 posset,
709 3070 745 3127 ut
767 3064 847 3127 citra
869 3063 983 3127 vallem
1003 3081 1058 3145 pro
1075 3061 1184 3124 castris

128 3167 248 3252 proelio
271 3168 488 3249 contenderet;
519 3168 547 3232 si
568 3168 602 3232 id
625 3168 749 3233 efficere
775 3187 840 3232 non
868 3172 985 3252 posset,
1013 3171 1050 3230 ut
1077 3166 1185 3248 explo-

127 3273 206 3338 ratis
237 3273 404 3338 itineribus
437 3274 560 3338 minore
592 3293 665 3337 cum
696 3273 837 3357 periculo
869 3273 985 3336 vallem
1015 3273 1184 3353 rivumque

128 3380 284 3445 transiret
329 3381 431 3463 prima
452 3379 523 3444 luce
545 3379 684 3443 hostium
707 3380 865 3460 equitatus
888 3379 928 3442 ad
944 3382 1046 3442 castra
1065 3377 1215 3443 accedite

86 3528 90 3536 ·
127 3486 350 3569 proeliumque
382 3504 455 3549 cum
486 3485 602 3549 nostris
638 3484 800 3567 equitibus
835 3485 1009 3548 committit
1069 3484 1210 3550 Caesare

129 3591 273 3656 consulto
305 3591 430 3675 equites
461 3590 572 3656 cedere
603 3608 700 3671 seque
727 3590 762 3652 in
789 3594 890 3654 castra
916 3591 1056 3673 recipere
1088 3588 1184 3670 iubet,

128 3696 223 3760 simul
255 3715 297 3761 ex
328 3696 476 3762 omnibus
506 3695 647 3781 partibus
679 3699 780 3760 castra
807 3696 918 3759 altiore
950 3695 1033 3759 vallo
1064 3695 1184 3758 muniri

128 3807 297 3887 portasque
320 3803 442 3868 obstrui
463 3807 559 3886 atque
580 3803 616 3866 in
637 3802 688 3866 his
703 3800 958 3866 administrandis
976 3801 1072 3866 rebus
1089 3820 1184 3883 quam

127 3907 270 3973 maxime
293 3910 474 3974 concursari
495 3914 528 3975 et
549 3928 624 3974 cum
646 3908 846 3973 simulatione
869 3908 920 3993 agi
942 3908 1064 3972 timoris
1087 3907 1183 3971 iubet
