2738 4424
441 285 548 341 LIBnR
565 285 639 341 vm.
659 286 734 342 CAP.
754 286 840 343 6-9.
1105 269 1167 334 183

118 444 283 529 iudicaret,
298 446 445 511 omnibus
459 446 556 510 rebus
570 447 808 512 inserviendum
823 446 941 529 statuit,
957 465 1020 529 quo
1036 446 1170 510 celerius

118 550 222 616 hostes
245 555 422 636 contempte
448 571 507 617 sua
528 551 685 634 paucitate
706 553 870 636 prodirent
895 552 930 615 in
953 551 1060 616 aciem.
1106 551 1197 619 sin-a

119 656 236 740 guaris
255 657 341 722 enim
359 657 485 721 virtutis
503 659 685 722 veterrimas
708 658 849 742 legiones
864 655 1170 740 viI.,V111.,VfflL

119 761 266 844 habebat,
291 781 433 827 summae
461 764 529 848 spei
556 763 759 847 delectaeque
786 763 960 827 iuventutis
986 761 1057 846 Xi,
1090 779 1171 845 quae

119 872 229 932 octavo
253 869 317 931 iam
332 868 487 952 stipendio
503 873 609 932 tamen
630 869 667 932 in
681 869 858 933 conlatione
878 869 1074 952 reliquarum
1093 885 1171 931 non·

120 973 198 1037 dum
230 974 362 1038 eandem
392 975 556 1039 vetustatis
594 993 631 1038 ao
662 975 787 1039 virtutis
824 979 947 1058 ceperat
981 974 1171 1058 opinionem.

119 1081 226 1162 itaque
257 1079 389 1144 consilio
421 1080 571 1144 advocato
603 1080 698 1144 rebus
729 1080 783 1164 iis,
818 1098 898 1163 quae
930 1079 971 1143 ad
1002 1098 1035 1144 se
1067 1081 1198 1147 essenis

120 1183 253 1269 delatae,
277 1185 423 1250 omnibus
446 1185 599 1269 expositis
622 1186 746 1249 animos
768 1184 981 1250 multitudinis
999 1183 1171 1249 confirmat.

119 1292 146 1355 si
168 1292 247 1356 forte
269 1291 375 1356 hostes
402 1292 498 1355 trium
520 1292 684 1375 legionum
711 1310 842 1355 numero
865 1295 971 1374 posset
997 1291 1109 1355 elicere
1132 1289 1172 1354 ad

120 1398 348 1482 dimicandum,
375 1397 510 1480 agminis
533 1398 678 1462 ordinem
705 1397 750 1461 itc
771 1397 947 1482 constituit,
974 1401 1011 1461 ut
1030 1397 1172 1480 legiones

119 1503 200 1587 VII,
222 1503 320 1585 Vm,
343 1503 446 1567 vim.
470 1507 543 1567 ante
566 1505 672 1566 omnia
693 1503 776 1567 irent
797 1503 1035 1587 impedimenta,
1058 1502 1172 1568 deinde

120 1609 263 1673 omnium
289 1609 588 1691 impedimentorum
615 1627 741 1692 agmen,
770 1607 855 1692 quod
881 1613 988 1674 tamen
1014 1613 1082 1673 erat
1106 1627 1173 1673 me·

120 1713 237 1798 dicere,
265 1718 300 1778 ut
324 1715 358 1777 in
380 1713 637 1798 expeditionibus
665 1732 733 1778 esse
756 1715 931 1797 consuevit,
959 1718 1083 1798 cogeret
1104 1712 1173 1798 XL,

119 1837 160 1883 ne
183 1820 310 1885 maioris
337 1819 551 1884 multitudinis
578 1820 697 1903 species
724 1820 865 1884 accidere
892 1818 1035 1883 hostibus
1059 1824 1172 1903 posset,

120 1944 216 2006 quam
247 1925 308 2008 ipsi
339 1925 602 2009 depoposcissent
647 1926 705 1990 hac
735 1925 856 1988 ratione
887 1942 987 2009 paene
1020 1923 1199 2008 quadratos

120 2031 246 2114 agmine
268 2030 423 2095 instructo
445 2032 481 2094 in
496 2034 700 2114 conspectum
714 2030 853 2094 hostium
873 2030 1007 2094 celerius
1023 2028 1172 2113 opinione

120 2153 230 2200 eorum
253 2138 428 2201 exercitum
450 2135 587 2200 adducit
633 2132 713 2199 (lum
735 2139 864 2219 repente
891 2135 1061 2200 instructas
1083 2134 1207 2208 veluto

119 2243 154 2305 in
176 2244 244 2307 acie
266 2246 350 2306 certo
370 2242 471 2326 gradu
491 2241 633 2324 legiones
653 2241 801 2305 accedere
817 2240 899 2305 Galli
913 2241 1070 2323 viderent,
1094 2259 1172 2325 quo·

120 2368 191 2412 rum
218 2352 308 2412 erant
338 2348 379 2412 ad
406 2345 568 2412 Caesarem
599 2346 693 2430 plena
722 2345 858 2411 fiduciae
886 2346 1020 2410 consilia
1045 2346 1172 2430 perlata,

121 2455 188 2519 sive
210 2454 389 2518 certaminis
411 2452 551 2537 periculo
580 2453 646 2517 sire
673 2451 778 2516 subito
806 2451 944 2516 adventu
970 2452 1038 2516 sire
1060 2470 1173 2536 expec-

121 2561 238 2625 tatione
259 2559 360 2624 nostri
382 2559 505 2623 consilii
520 2559 624 2642 copias
638 2557 801 2622 instruunt
822 2577 878 2642 pro
894 2559 1004 2622 castris
1026 2577 1086 2624 nec
1103 2557 1172 2622 loco

121 2667 282 2749 superiore
298 2665 463 2730 decedunt
498 2662 624 2746 Caesar,
640 2665 699 2728 etsi
714 2663 865 2728 dimicare
881 2668 1053 2747 optaverat,
1067 2668 1201 2732 tamena

122 2771 293 2836 admiratus
320 2775 438 2836 tantam
465 2769 700 2834 multitudinem
728 2769 866 2833 hostium
888 2769 971 2835 valle
995 2770 1174 2835 intermissa

122 2877 224 2960 magis
251 2876 286 2940 in
313 2877 511 2940 altitudinem
538 2875 686 2960 depressa
714 2894 809 2957 quam
834 2875 897 2940 late
920 2880 1045 2959 patente
1073 2881 1175 2940 castra

123 2982 233 3046 castris
258 2982 397 3045 hostium
424 2982 551 3046 confert
596 2981 674 3046 haec
699 2982 835 3064 imperat
859 2981 942 3045 vallo
969 2981 1086 3065 pedum
1108 2979 1201 3048 XHa

123 3087 257 3168 muniri,
288 3086 454 3150 loriculam
480 3105 536 3170 pro
565 3085 646 3170 [hac]
674 3088 796 3151 ratione
828 3087 897 3151 eius
924 3086 1100 3150 altitudinis
1126 3087 1175 3149 in·

123 3191 295 3274 aedificari,
316 3192 431 3256 fossam
455 3191 612 3274 duplicem
634 3192 750 3276 pedum
773 3191 908 3274 quinum
931 3191 1049 3256 denum
1071 3191 1175 3255 lateri·

122 3298 184 3363 bus
200 3296 334 3381 deprimi
349 3297 496 3379 derectis,
518 3301 619 3360 turres
634 3297 768 3362 excitari
783 3295 908 3360 crebras
925 3297 960 3361 in
975 3296 1175 3361 altitudinem

123 3406 220 3468 trium
246 3402 470 3484 tabulatorum,
501 3401 650 3485 pontibus
677 3402 813 3466 traiectis
845 3402 1074 3486 constratisque
1101 3422 1175 3466 con·

124 3511 226 3593 iungi,
258 3528 394 3592 qnorum
425 3507 540 3571 frontes
567 3507 703 3571 viminea
734 3507 868 3570 loricula
895 3508 1108 3591 munirentur,
1142 3514 1203 3577 uto

124 3615 163 3681 ab
186 3614 328 3680 hostibus
356 3613 473 3698 duplici
499 3614 596 3694 fossa,
624 3611 743 3696 duplici
769 3619 1039 3697 propugnatorum
1067 3615 1177 3679 ordine

124 3721 381 3804 defenderentur,
404 3739 540 3802 quorum
562 3719 640 3784 alter
662 3737 703 3782 ex
724 3717 887 3802 pontibus,
911 3738 974 3802 quo
993 3720 1090 3784 tutior
1108 3721 1177 3785 alti·

124 3829 236 3893 tudine
268 3831 360 3908 esset,
391 3826 451 3889 hoo
482 3824 633 3888 audacius
664 3824 852 3907 longiusque
883 3827 1076 3909 permitteret
1106 3827 1177 3911 tela,

123 3935 216 4018 alter,
244 3933 300 4015 qui
325 3932 453 4017 propior
478 3931 598 3994 hostem
625 3930 660 3994 in
687 3930 754 4013 ipso
777 3930 860 3993 vallo
883 3931 1063 3997 conlocatus
1087 3938 1177 4016 esset,
