2738 4424
194 217 256 281 128
587 232 692 289 BELLI
709 233 850 289 eumer

191 397 280 456 erant
296 391 456 476 praedam,
473 393 508 457 in
527 395 649 459 occulto
664 394 864 479 relinquunt3
888 394 950 478 ipsi
963 395 1156 458 Atuatucam
1170 409 1247 456 cen·
1297 477 1300 484 Ι

191 496 326 562 tendunt
347 499 398 562 usi
420 497 531 564 eodem
554 500 647 584 duce,
670 501 763 564 cuius
786 500 864 566 haee
885 500 1003 565 indicio
1024 500 1244 584 cognoverant

134 609 173 668 86
191 600 313 686 Cicero,
345 605 401 688 qui
436 624 545 671 omnes
581 608 759 691 superiores
796 606 863 672 dies
897 606 1070 690 praeceptis
1103 603 1245 670 Caesaris

189 727 315 773 summa
337 709 500 795 diligentia
521 711 638 777 milites
661 713 697 776 in
719 713 829 776 castris
852 713 1059 776 continuisset
1081 730 1118 777 aa
1137 730 1178 776 ne
1193 729 1245 774 ca·

189 813 295 880 lenem
319 815 448 898 quidem
471 836 664 901 quemquam
683 822 772 882 extra
785 818 997 882 munitionem
1011 818 1120 901 egredi
1133 835 1245 901 passus

189 924 284 1004 esset,
315 921 386 986 VII.
419 923 470 989 die
502 922 648 989 diffidens
684 924 723 988 de
753 943 886 989 numero
923 923 1047 989 dierum
1079 922 1245 989 Gaesarem

188 1025 285 1093 fidem
309 1033 522 1112 servaturum,
546 1030 631 1112 quod
653 1030 779 1114 longius
800 1049 1004 1114 progressum
1019 1029 1170 1094 audiebat
1191 1046 1246 1092 ne·

161 1153 252 1216 aque
279 1134 346 1199 ulla
372 1134 411 1199 de
437 1135 544 1200 reditu
570 1137 639 1200 eius
663 1136 748 1199 fama
774 1135 984 1218 adserebatur,
1011 1135 1108 1200 simul
1134 1154 1245 1200 eorum

187 1245 349 1324 permotus
376 1241 518 1325 vocibus,
552 1242 609 1325 qui
636 1241 722 1306 illius
749 1242 932 1325 patientiam
962 1260 1062 1326 paene
1090 1240 1245 1305 obsessio·

187 1365 262 1411 nem
285 1346 495 1431 appellabant,
522 1347 680 1429 siquidem
703 1348 877 1412 excestria
901 1347 1009 1431 egredi
1034 1365 1101 1412 non
1126 1347 1244 1430 liceret,

188 1451 312 1514 nullum
335 1452 404 1516 eius
425 1452 514 1515 modi
537 1472 645 1517 casum
668 1457 851 1537 expectans,
880 1472 942 1536 quo
966 1451 1064 1516 VIIII
1091 1452 1244 1537 oppositis

187 1555 365 1639 legionibus
387 1559 592 1641 maximoque
616 1559 771 1643 equitatu,
795 1559 943 1644 dispersis
958 1577 995 1623 ac
1017 1577 1117 1642 paene
1132 1558 1244 1623 deletis

187 1661 330 1727 hostibus
352 1664 385 1726 in
409 1663 538 1726 milibus
559 1683 711 1747 passuum
734 1663 838 1728 tribus
861 1664 978 1730 offendi
999 1668 1117 1749 posset,
1138 1663 1171 1728 V
1193 1683 1244 1728 co-

186 1767 293 1833 hortes
327 1767 555 1834 frumentatum
592 1771 628 1834 in
663 1771 825 1854 proximas
858 1775 981 1854 segetes
1017 1771 1128 1854 mittit,
1163 1789 1244 1855 quas

158 1874 270 1941 ainter
292 1879 324 1940 et
346 1879 448 1940 castra
473 1895 558 1940 unus
587 1877 714 1941 omnino
740 1877 830 1941 collis
856 1877 1015 1940 intererat
1065 1876 1244 1961 complures

186 1986 276 2045 erant
296 1981 332 2045 in
353 1982 464 2046 castris
487 2001 529 2047 ex
550 1982 729 2066 legionibus
752 1983 839 2067 aegri
853 1983 970 2065 relicti3
995 1980 1171 2065 exquibus
1187 1982 1244 2065 qui

186 2086 246 2151 boc
268 2088 367 2172 spatio
392 2088 516 2153 dierum
538 2088 776 2172 convaluerant,
799 2089 925 2154 circiter
941 2086 1025 2173 000,
1048 2087 1107 2153 sub
1123 2087 1241 2153 vexillo

185 2212 250 2257 una
264 2194 448 2276 mittuntur,
463 2213 578 2278 magna
591 2200 755 2278 praeterea
768 2193 939 2259 multitudo
955 2193 1112 2276 calonum,
1127 2213 1242 2278 magna

186 2300 235 2363 ris
249 2300 477 2383 iumentorum,
501 2318 582 2382 quae
597 2300 633 2363 in
648 2301 758 2365 eastris
773 2300 972 2382 subsederat,
993 2299 1075 2364 faeta
1089 2303 1241 2383 potestate

126 2418 165 2476 εἴ
184 2407 334 2489 sequitur.
384 2405 454 2471 Hoc
480 2407 549 2490 ipso
581 2412 721 2490 tempore
751 2405 804 2491 [et]
833 2425 909 2470 casu
937 2406 1088 2471 Germani
1118 2404 1240 2489 equites

184 2510 401 2575 interveniunt
416 2513 624 2596 protinusque
643 2512 755 2578 eodem
777 2511 845 2595 illo,
869 2531 932 2596 quo
955 2515 1121 2593 venerant,
1144 2530 1241 2576 cursu

157 2615 224 2680 aab
256 2615 432 2680 decumana
462 2623 553 2702 porta
583 2619 617 2681 in
650 2621 752 2682 castra
777 2619 959 2701 inrumpere
985 2620 1154 2701 conantur,
1179 2635 1240 2683 nec

184 2721 271 2804 prius
293 2726 369 2784 sunt
391 2722 453 2786 visi
475 2722 604 2788 obiectis
632 2722 671 2786 ab
699 2743 736 2788 ea
762 2728 849 2808 parte
876 2723 977 2806 silvis,
1006 2742 1102 2805 quam
1129 2723 1239 2787 castris

184 2826 484 2911 adpropinquarent,
512 2847 613 2912 usque
637 2847 688 2914 eo,
714 2833 763 2911 ut,
791 2829 848 2913 qui
875 2829 935 2893 sub
962 2829 1045 2893 vallo
1074 2828 1240 2894 tenderent

156 2938 380 3014 emercatores,
397 2934 572 3017 recipiendi
591 2934 643 2998 sui
661 2934 843 2999 facultatem
858 2953 924 2999 non
940 2933 1099 3000 haberent
1137 2935 1239 3018 inopi-

184 3043 295 3104 nantes
317 3039 417 3102 nostri
438 3058 472 3103 re
494 3059 578 3104 nova
604 3040 839 3125 perturbantur,
867 3059 904 3106 aa
930 3041 988 3104 vix
1013 3041 1152 3125 primum
1178 3041 1238 3105 im-

152 3149 291 3228 apetum
313 3145 424 3210 cohors
441 3145 476 3209 in
490 3147 624 3212 statione
639 3146 781 3211 sustinet
820 3145 1117 3210 circumfunduntur
1131 3147 1237 3212 hostes

184 3268 226 3315 ex
255 3250 387 3334 reliquis
418 3251 571 3336 partibus,
603 3252 631 3316 si
662 3270 757 3335 quem
789 3252 911 3316 aditum
939 3252 1076 3335 reperire
1107 3252 1235 3336 possint

152 3375 275 3440 aaegre
297 3361 403 3440 portas
426 3359 526 3422 nostri
549 3361 691 3442 tuentur,
714 3358 852 3441 reliquos
868 3358 973 3422 aditus
987 3357 1077 3422 loeus
1099 3359 1237 3442 ipseper

151 3482 170 3528 e
183 3481 217 3526 se
248 3464 446 3546 munitioque
478 3463 626 3530 defendit
680 3466 753 3529 totis
783 3463 957 3549 trepidatur
987 3462 1110 3548 casbis,
1142 3468 1236 3546 atque

182 3568 263 3632 alius
286 3588 328 3632 ex
350 3569 411 3632 alio
434 3589 562 3633 causam
584 3571 739 3634 tumultus
763 3571 898 3655 quaerit3
927 3587 1031 3652 neque
1060 3589 1123 3653 quo
1146 3570 1235 3652 signa

157 3700 160 3708 ⁴
181 3672 324 3738 ferantur
345 3693 565 3758 nequequam
581 3676 616 3738 in
634 3680 754 3759 partem
777 3677 911 3758 quisque
931 3676 1110 3758 conveniat,
1132 3673 1234 3758 provi·

150 3777 266 3847 vdent
312 3780 393 3844 alius
415 3785 517 3845 castra
539 3782 603 3845 iam
626 3786 716 3865 capta
737 3782 934 3866 pronuntiat,
958 3781 1038 3845 alius
1061 3779 1164 3844 deleto
1179 3797 1234 3842 ex·

183 3885 283 3948 ereltu
306 3891 401 3968 atque
423 3888 611 3969 imperatore
633 3887 767 3951 victores
789 3886 938 3952 barbaros
959 3886 1085 3952 venisse
1107 3888 1235 3950 conten·
