<?xml version="1.0" encoding="UTF-8"?>
<!DOCTYPE html PUBLIC "-//W3C//DTD XHTML 1.0 Transitional//EN"
    "http://www.w3.org/TR/xhtml1/DTD/xhtml1-transitional.dtd">
<html xmlns="http://www.w3.org/1999/xhtml" xml:lang="en" lang="en">
 <head>
  <title>
</title>
<meta http-equiv="Content-Type" content="text/html;charset=utf-8" />
  <meta name='ocr-system' content='tesseract 3.04.00' />
  <meta name='ocr-capabilities' content='ocr_page ocr_carea ocr_par ocr_line ocrx_word'/>
</head>
<body>
  <div class='ocr_page' id='page_1' title='image "./ciuliicaesarisb02meusgoog_0115.png"; bbox 0 0 2738 4424; ppageno 0'>
   <div class='ocr_carea' id='block_1_1' title="bbox 457 258 1189 328">
    <p class='ocr_par' dir='ltr' id='par_1_1' title="bbox 457 258 1189 328">
     <span class='ocr_line' id='line_1_1' title="bbox 457 258 1189 328; baseline -0.003 -4"><span class='ocrx_word' id='word_1_1' title='bbox 457 269 566 324; x_wconf 82' lang='lat' dir='ltr'>LIBER</span> <span class='ocrx_word' id='word_1_2' title='bbox 585 271 616 325; x_wconf 85' lang='lat' dir='ltr'>V.</span> <span class='ocrx_word' id='word_1_3' title='bbox 641 271 720 326; x_wconf 80' lang='lat' dir='ltr'>CAP.</span> <span class='ocrx_word' id='word_1_4' title='bbox 737 273 858 328; x_wconf 77' lang='lat'>34-39.</span> <span class='ocrx_word' id='word_1_5' title='bbox 1147 258 1189 322; x_wconf 81' lang='grc'>99</span> 
     </span>
    </p>
   </div>
   <div class='ocr_carea' id='block_1_2' title="bbox 128 429 1243 4041">
    <p class='ocr_par' dir='ltr' id='par_1_2' title="bbox 128 429 1243 2721">
     <span class='ocr_line' id='line_1_2' title="bbox 130 429 1189 518; baseline 0.005 -24"><span class='ocrx_word' id='word_1_6' title='bbox 130 429 229 513; x_wconf 86' lang='lat' dir='ltr'>nicet,</span> <span class='ocrx_word' id='word_1_7' title='bbox 250 431 279 495; x_wconf 90' lang='lat' dir='ltr'>si</span> <span class='ocrx_word' id='word_1_8' title='bbox 301 431 459 514; x_wconf 84' lang='lat' dir='ltr'>videatur,</span> <span class='ocrx_word' id='word_1_9' title='bbox 485 451 593 516; x_wconf 85' lang='lat' dir='ltr'>pugne</span> <span class='ocrx_word' id='word_1_10' title='bbox 614 436 652 496; x_wconf 90' lang='lat' dir='ltr'>ut</span> <span class='ocrx_word' id='word_1_11' title='bbox 674 433 830 497; x_wconf 79' lang='lat' dir='ltr'>excedant</span> <span class='ocrx_word' id='word_1_12' title='bbox 852 438 885 498; x_wconf 91' lang='lat' dir='ltr'>et</span> <span class='ocrx_word' id='word_1_13' title='bbox 907 453 982 498; x_wconf 91' lang='lat' dir='ltr'>cum</span> <span class='ocrx_word' id='word_1_14' title='bbox 1002 434 1189 518; x_wconf 80' lang='lat' dir='ltr'>Ambiorige</span> 
     </span>
     <span class='ocr_line' id='line_1_3' title="bbox 130 535 1190 621; baseline 0.004 -22"><span class='ocrx_word' id='word_1_15' title='bbox 130 555 197 599; x_wconf 84' lang='lat' dir='ltr'>una</span> <span class='ocrx_word' id='word_1_16' title='bbox 218 535 466 620; x_wconf 79' lang='lat' dir='ltr'>conloquuntur:</span> <span class='ocrx_word' id='word_1_17' title='bbox 495 556 621 621; x_wconf 85' lang='lat' dir='ltr'>sperare</span> <span class='ocrx_word' id='word_1_18' title='bbox 644 557 679 602; x_wconf 90' lang='lat' dir='ltr'>se</span> <span class='ocrx_word' id='word_1_19' title='bbox 702 538 741 603; x_wconf 88' lang='lat' dir='ltr'>ab</span> <span class='ocrx_word' id='word_1_20' title='bbox 770 558 807 604; x_wconf 92' lang='lat' dir='ltr'>eo</span> <span class='ocrx_word' id='word_1_21' title='bbox 835 539 874 604; x_wconf 93' lang='lat' dir='ltr'>de</span> <span class='ocrx_word' id='word_1_22' title='bbox 901 558 961 603; x_wconf 87' lang='lat' dir='ltr'>sua</span> <span class='ocrx_word' id='word_1_23' title='bbox 988 558 1025 602; x_wconf 85' lang='lat' dir='ltr'>oc</span> <span class='ocrx_word' id='word_1_24' title='bbox 1050 540 1190 603; x_wconf 92' lang='lat' dir='ltr'>militum</span> 
     </span>
     <span class='ocr_line' id='line_1_4' title="bbox 130 641 1217 727; baseline 0.004 -22"><span class='ocrx_word' id='word_1_25' title='bbox 130 641 231 707; x_wconf 86' lang='lat' dir='ltr'>salute</span> <span class='ocrx_word' id='word_1_26' title='bbox 253 643 417 727; x_wconf 85' lang='lat' dir='ltr'>impetrari</span> <span class='ocrx_word' id='word_1_27' title='bbox 439 662 539 726; x_wconf 88' lang='lat' dir='ltr'>posse.</span> <span class='ocrx_word' id='word_1_28' title='bbox 582 642 673 708; x_wconf 77' lang='lat' dir='ltr'>Cotta</span> <span class='ocrx_word' id='word_1_29' title='bbox 694 663 729 710; x_wconf 87' lang='lat' dir='ltr'>se</span> <span class='ocrx_word' id='word_1_30' title='bbox 752 644 792 708; x_wconf 88' lang='lat' dir='ltr'>ad</span> <span class='ocrx_word' id='word_1_31' title='bbox 810 649 967 709; x_wconf 84' lang='lat' dir='ltr'>armatum</span> <span class='ocrx_word' id='word_1_32' title='bbox 989 645 1111 708; x_wconf 82' lang='lat' dir='ltr'><strong>hostem</strong></span> <span class='ocrx_word' id='word_1_33' title='bbox 1127 645 1217 709; x_wconf 78' lang='lat' dir='ltr'>itu-s</span> 
     </span>
     <span class='ocr_line' id='line_1_5' title="bbox 129 749 1243 835; baseline 0.007 -23"><span class='ocrx_word' id='word_1_34' title='bbox 129 768 203 812; x_wconf 92' lang='lat' dir='ltr'>rum</span> <span class='ocrx_word' id='word_1_35' title='bbox 221 753 316 833; x_wconf 81' lang='lat' dir='ltr'>negat</span> <span class='ocrx_word' id='word_1_36' title='bbox 334 753 430 831; x_wconf 83' lang='lat' dir='ltr'>etque</span> <span class='ocrx_word' id='word_1_37' title='bbox 448 751 484 814; x_wconf 90' lang='lat' dir='ltr'>in</span> <span class='ocrx_word' id='word_1_38' title='bbox 498 768 535 813; x_wconf 92' lang='lat' dir='ltr'>eo</span> <span class='ocrx_word' id='word_1_39' title='bbox 558 756 746 834; x_wconf 86' lang='lat' dir='ltr'>perseverat</span> <span class='ocrx_word' id='word_1_40' title='bbox 789 749 938 835; x_wconf 83' lang='lat' dir='ltr'>Sabinus,</span> <span class='ocrx_word' id='word_1_41' title='bbox 955 769 1036 832; x_wconf 89' lang='lat' dir='ltr'>quos</span> <span class='ocrx_word' id='word_1_42' title='bbox 1051 751 1086 812; x_wconf 92' lang='lat' dir='ltr'>in</span> <span class='ocrx_word' id='word_1_43' title='bbox 1100 769 1190 834; x_wconf 83' lang='lat' dir='ltr'>prae-</span> <span class='ocrx_word' id='word_1_44' title='bbox 1207 761 1243 820; x_wconf 74' lang='grc'>81</span> 
     </span>
     <span class='ocr_line' id='line_1_6' title="bbox 130 853 1190 940; baseline 0.002 -23"><span class='ocrx_word' id='word_1_45' title='bbox 130 854 234 919; x_wconf 90' lang='lat' dir='ltr'>sentia</span> <span class='ocrx_word' id='word_1_46' title='bbox 256 853 401 919; x_wconf 90' lang='lat' dir='ltr'>tribunos</span> <span class='ocrx_word' id='word_1_47' title='bbox 423 854 563 919; x_wconf 90' lang='lat' dir='ltr'>militum</span> <span class='ocrx_word' id='word_1_48' title='bbox 586 857 706 919; x_wconf 90' lang='lat' dir='ltr'>circum</span> <span class='ocrx_word' id='word_1_49' title='bbox 728 875 762 921; x_wconf 91' lang='lat' dir='ltr'>se</span> <span class='ocrx_word' id='word_1_50' title='bbox 785 856 934 940; x_wconf 82' lang='lat' dir='ltr'>habebat,</span> <span class='ocrx_word' id='word_1_51' title='bbox 962 861 994 920; x_wconf 93' lang='lat' dir='ltr'>et</span> <span class='ocrx_word' id='word_1_52' title='bbox 1015 856 1190 939; x_wconf 91' lang='lat' dir='ltr'>primorum</span> 
     </span>
     <span class='ocr_line' id='line_1_7' title="bbox 131 960 1191 1045; baseline 0 -21"><span class='ocrx_word' id='word_1_53' title='bbox 131 961 280 1024; x_wconf 86' lang='lat' dir='ltr'>ordinum</span> <span class='ocrx_word' id='word_1_54' title='bbox 302 960 502 1025; x_wconf 81' lang='lat' dir='ltr'><strong>centuriones</strong></span> <span class='ocrx_word' id='word_1_55' title='bbox 524 979 559 1025; x_wconf 93' lang='lat' dir='ltr'>se</span> <span class='ocrx_word' id='word_1_56' title='bbox 581 962 674 1044; x_wconf 91' lang='lat' dir='ltr'>sequi</span> <span class='ocrx_word' id='word_1_57' title='bbox 696 961 797 1044; x_wconf 90' lang='lat' dir='ltr'>iubet,</span> <span class='ocrx_word' id='word_1_58' title='bbox 819 966 947 1027; x_wconf 90' lang='lat' dir='ltr'>etcum</span> <span class='ocrx_word' id='word_1_59' title='bbox 969 962 1098 1045; x_wconf 91' lang='lat' dir='ltr'>propius</span> <span class='ocrx_word' id='word_1_60' title='bbox 1112 960 1191 1024; x_wconf 90' lang='lat' dir='ltr'>Am·</span> 
     </span>
     <span class='ocr_line' id='line_1_8' title="bbox 130 1064 1191 1151; baseline 0.001 -21"><span class='ocrx_word' id='word_1_61' title='bbox 130 1064 285 1150; x_wconf 90' lang='lat' dir='ltr'>biorigem</span> <span class='ocrx_word' id='word_1_62' title='bbox 308 1066 503 1149; x_wconf 76' lang='lat' dir='ltr'>accessisset,</span> <span class='ocrx_word' id='word_1_63' title='bbox 526 1067 634 1131; x_wconf 91' lang='lat' dir='ltr'>iussus</span> <span class='ocrx_word' id='word_1_64' title='bbox 656 1086 744 1130; x_wconf 86' lang='lat' dir='ltr'>arma</span> <span class='ocrx_word' id='word_1_65' title='bbox 766 1066 890 1131; x_wconf 90' lang='lat' dir='ltr'>abicere</span> <span class='ocrx_word' id='word_1_66' title='bbox 904 1067 1095 1151; x_wconf 87' lang='lat' dir='ltr'>imperatum</span> <span class='ocrx_word' id='word_1_67' title='bbox 1116 1065 1191 1131; x_wconf 86' lang='lat' dir='ltr'>fecit</span> 
     </span>
     <span class='ocr_line' id='line_1_9' title="bbox 130 1172 1217 1256; baseline -0.001 -20"><span class='ocrx_word' id='word_1_68' title='bbox 130 1172 275 1256; x_wconf 87' lang='lat' dir='ltr'>suisque,</span> <span class='ocrx_word' id='word_1_69' title='bbox 298 1176 336 1236; x_wconf 93' lang='lat' dir='ltr'>ut</span> <span class='ocrx_word' id='word_1_70' title='bbox 352 1172 439 1236; x_wconf 88' lang='lat' dir='ltr'>idem</span> <span class='ocrx_word' id='word_1_71' title='bbox 456 1172 585 1256; x_wconf 86' lang='lat' dir='ltr'>faciant,</span> <span class='ocrx_word' id='word_1_72' title='bbox 607 1173 751 1256; x_wconf 83' lang='lat' dir='ltr'>imperat</span> <span class='ocrx_word' id='word_1_73' title='bbox 788 1174 929 1256; x_wconf 86' lang='lat' dir='ltr'>interim,</span> <span class='ocrx_word' id='word_1_74' title='bbox 952 1172 1029 1236; x_wconf 91' lang='lat' dir='ltr'>dum</span> <span class='ocrx_word' id='word_1_75' title='bbox 1053 1172 1092 1235; x_wconf 94' lang='lat' dir='ltr'>de</span> <span class='ocrx_word' id='word_1_76' title='bbox 1114 1188 1217 1236; x_wconf 84' lang='lat' dir='ltr'>con-r</span> 
     </span>
     <span class='ocr_line' id='line_1_10' title="bbox 132 1275 1191 1362; baseline -0.001 -21"><span class='ocrx_word' id='word_1_77' title='bbox 132 1277 311 1342; x_wconf 86' lang='lat' dir='ltr'>dicionibus</span> <span class='ocrx_word' id='word_1_78' title='bbox 332 1278 417 1343; x_wconf 87' lang='lat' dir='ltr'>inter</span> <span class='ocrx_word' id='word_1_79' title='bbox 438 1296 473 1342; x_wconf 90' lang='lat' dir='ltr'>se</span> <span class='ocrx_word' id='word_1_80' title='bbox 495 1282 594 1362; x_wconf 86' lang='lat' dir='ltr'>agunt</span> <span class='ocrx_word' id='word_1_81' title='bbox 615 1278 804 1362; x_wconf 88' lang='lat' dir='ltr'>longiorque</span> <span class='ocrx_word' id='word_1_82' title='bbox 827 1277 972 1343; x_wconf 88' lang='lat' dir='ltr'>consulto</span> <span class='ocrx_word' id='word_1_83' title='bbox 995 1276 1034 1341; x_wconf 93' lang='lat' dir='ltr'>ab</span> <span class='ocrx_word' id='word_1_84' title='bbox 1057 1275 1191 1341; x_wconf 93' lang='lat' dir='ltr'>Ambio·</span> 
     </span>
     <span class='ocr_line' id='line_1_11' title="bbox 129 1381 1190 1469; baseline -0.003 -22"><span class='ocrx_word' id='word_1_85' title='bbox 129 1385 197 1468; x_wconf 88' lang='lat' dir='ltr'>rige</span> <span class='ocrx_word' id='word_1_86' title='bbox 220 1383 399 1448; x_wconf 85' lang='lat' dir='ltr'>instituitur</span> <span class='ocrx_word' id='word_1_87' title='bbox 420 1402 537 1469; x_wconf 89' lang='lat' dir='ltr'>sermo,</span> <span class='ocrx_word' id='word_1_88' title='bbox 559 1383 713 1468; x_wconf 81' lang='lat' dir='ltr'>paulatim</span> <span class='ocrx_word' id='word_1_89' title='bbox 735 1385 972 1449; x_wconf 87' lang='lat' dir='ltr'>circumventus</span> <span class='ocrx_word' id='word_1_90' title='bbox 993 1381 1190 1448; x_wconf 87' lang='lat' dir='ltr'>interficitur.</span> 
     </span>
     <span class='ocr_line' id='line_1_12' title="bbox 130 1488 1217 1572; baseline -0.002 -19"><span class='ocrx_word' id='word_1_91' title='bbox 130 1494 200 1553; x_wconf 92' lang='lat' dir='ltr'>tum</span> <span class='ocrx_word' id='word_1_92' title='bbox 222 1508 298 1553; x_wconf 85' lang='lat' dir='ltr'>vero</span> <span class='ocrx_word' id='word_1_93' title='bbox 321 1508 379 1553; x_wconf 92' lang='lat' dir='ltr'>suo</span> <span class='ocrx_word' id='word_1_94' title='bbox 403 1508 491 1554; x_wconf 91' lang='lat' dir='ltr'>more</span> <span class='ocrx_word' id='word_1_95' title='bbox 514 1490 682 1554; x_wconf 82' lang='lat' dir='ltr'>victoriam</span> <span class='ocrx_word' id='word_1_96' title='bbox 701 1490 900 1554; x_wconf 81' lang='lat' dir='ltr'>conclament</span> <span class='ocrx_word' id='word_1_97' title='bbox 921 1493 1017 1572; x_wconf 89' lang='lat' dir='ltr'>atque</span> <span class='ocrx_word' id='word_1_98' title='bbox 1032 1488 1217 1552; x_wconf 79' lang='lat' dir='ltr'>ululatumr</span> 
     </span>
     <span class='ocr_line' id='line_1_13' title="bbox 130 1592 1217 1680; baseline -0.002 -21"><span class='ocrx_word' id='word_1_99' title='bbox 130 1596 246 1659; x_wconf 92' lang='lat' dir='ltr'>tollunt</span> <span class='ocrx_word' id='word_1_100' title='bbox 268 1596 452 1679; x_wconf 85' lang='lat' dir='ltr'>impetuque</span> <span class='ocrx_word' id='word_1_101' title='bbox 475 1594 511 1658; x_wconf 92' lang='lat' dir='ltr'>in</span> <span class='ocrx_word' id='word_1_102' title='bbox 532 1599 657 1661; x_wconf 91' lang='lat' dir='ltr'>nostros</span> <span class='ocrx_word' id='word_1_103' title='bbox 679 1596 761 1660; x_wconf 80' lang='lat' dir='ltr'>lecto</span> <span class='ocrx_word' id='word_1_104' title='bbox 775 1596 905 1661; x_wconf 89' lang='lat' dir='ltr'>ordines</span> <span class='ocrx_word' id='word_1_105' title='bbox 919 1595 1112 1680; x_wconf 89' lang='lat' dir='ltr'>perturbant</span> <span class='ocrx_word' id='word_1_106' title='bbox 1144 1592 1217 1658; x_wconf 75' lang='lat' dir='ltr'>ibit</span> 
     </span>
     <span class='ocr_line' id='line_1_14' title="bbox 128 1699 1190 1785; baseline 0 -21"><span class='ocrx_word' id='word_1_107' title='bbox 128 1699 163 1764; x_wconf 85' lang='lat' dir='ltr'>L</span> <span class='ocrx_word' id='word_1_108' title='bbox 187 1699 277 1766; x_wconf 77' lang='lat' dir='ltr'>Cotta</span> <span class='ocrx_word' id='word_1_109' title='bbox 298 1719 445 1785; x_wconf 88' lang='lat' dir='ltr'>pugnans</span> <span class='ocrx_word' id='word_1_110' title='bbox 467 1699 658 1766; x_wconf 88' lang='lat' dir='ltr'>interficitur</span> <span class='ocrx_word' id='word_1_111' title='bbox 680 1721 754 1766; x_wconf 91' lang='lat' dir='ltr'>cum</span> <span class='ocrx_word' id='word_1_112' title='bbox 775 1703 917 1765; x_wconf 78' lang='lat' dir='ltr'>maxima</span> <span class='ocrx_word' id='word_1_113' title='bbox 933 1705 1021 1784; x_wconf 87' lang='lat' dir='ltr'>parte</span> <span class='ocrx_word' id='word_1_114' title='bbox 1042 1700 1190 1764; x_wconf 87' lang='lat' dir='ltr'>militnm</span> 
     </span>
     <span class='ocr_line' id='line_1_15' title="bbox 130 1805 1216 1891; baseline 0 -22"><span class='ocrx_word' id='word_1_115' title='bbox 130 1805 247 1889; x_wconf 86' lang='lat' dir='ltr'>reliqui</span> <span class='ocrx_word' id='word_1_116' title='bbox 278 1824 313 1870; x_wconf 92' lang='lat' dir='ltr'>se</span> <span class='ocrx_word' id='word_1_117' title='bbox 343 1806 378 1869; x_wconf 91' lang='lat' dir='ltr'>in</span> <span class='ocrx_word' id='word_1_118' title='bbox 405 1811 508 1871; x_wconf 84' lang='lat' dir='ltr'>costra</span> <span class='ocrx_word' id='word_1_119' title='bbox 532 1807 705 1891; x_wconf 91' lang='lat' dir='ltr'>recipiunt,</span> <span class='ocrx_word' id='word_1_120' title='bbox 736 1808 822 1871; x_wconf 93' lang='lat' dir='ltr'>unde</span> <span class='ocrx_word' id='word_1_121' title='bbox 854 1810 945 1871; x_wconf 89' lang='lat' dir='ltr'>erant</span> <span class='ocrx_word' id='word_1_122' title='bbox 975 1806 1102 1889; x_wconf 84' lang='lat' dir='ltr'>egressi</span> <span class='ocrx_word' id='word_1_123' title='bbox 1148 1822 1216 1869; x_wconf 75' lang='lat' dir='ltr'>exo</span> 
     </span>
     <span class='ocr_line' id='line_1_16' title="bbox 132 1909 1190 1996; baseline 0.001 -22"><span class='ocrx_word' id='word_1_124' title='bbox 132 1910 248 1994; x_wconf 89' lang='lat' dir='ltr'>quibus</span> <span class='ocrx_word' id='word_1_125' title='bbox 273 1910 309 1975; x_wconf 82' lang='lat' dir='ltr'>L</span> <span class='ocrx_word' id='word_1_126' title='bbox 332 1912 528 1976; x_wconf 88' lang='lat' dir='ltr'>Petrosidius</span> <span class='ocrx_word' id='word_1_127' title='bbox 555 1913 715 1996; x_wconf 78' lang='lat' dir='ltr'>aquilifer,</span> <span class='ocrx_word' id='word_1_128' title='bbox 743 1932 816 1976; x_wconf 92' lang='lat' dir='ltr'>cum</span> <span class='ocrx_word' id='word_1_129' title='bbox 842 1930 959 1995; x_wconf 77' lang='lat' dir='ltr'>magns</span> <span class='ocrx_word' id='word_1_130' title='bbox 986 1909 1190 1975; x_wconf 88' lang='lat' dir='ltr'>multitudine</span> 
     </span>
     <span class='ocr_line' id='line_1_17' title="bbox 130 2013 1190 2102; baseline -0.003 -22"><span class='ocrx_word' id='word_1_131' title='bbox 130 2017 269 2081; x_wconf 87' lang='lat' dir='ltr'>hostium</span> <span class='ocrx_word' id='word_1_132' title='bbox 295 2023 504 2102; x_wconf 90' lang='lat' dir='ltr'>premeretur,</span> <span class='ocrx_word' id='word_1_133' title='bbox 536 2018 676 2101; x_wconf 83' lang='lat' dir='ltr'>aquilum</span> <span class='ocrx_word' id='word_1_134' title='bbox 703 2019 788 2082; x_wconf 87' lang='lat' dir='ltr'>intra</span> <span class='ocrx_word' id='word_1_135' title='bbox 815 2016 935 2080; x_wconf 85' lang='lat' dir='ltr'>vellum</span> <span class='ocrx_word' id='word_1_136' title='bbox 961 2015 1089 2099; x_wconf 79' lang='lat' dir='ltr'>proicit3</span> <span class='ocrx_word' id='word_1_137' title='bbox 1122 2013 1190 2098; x_wconf 89' lang='lat' dir='ltr'>ipse</span> 
     </span>
     <span class='ocr_line' id='line_1_18' title="bbox 129 2120 1217 2209; baseline -0.006 -21"><span class='ocrx_word' id='word_1_138' title='bbox 129 2142 187 2207; x_wconf 90' lang='lat' dir='ltr'>pro</span> <span class='ocrx_word' id='word_1_139' title='bbox 219 2125 330 2188; x_wconf 88' lang='lat' dir='ltr'>castris</span> <span class='ocrx_word' id='word_1_140' title='bbox 360 2124 530 2188; x_wconf 87' lang='lat' dir='ltr'>fortissime</span> <span class='ocrx_word' id='word_1_141' title='bbox 559 2143 706 2209; x_wconf 89' lang='lat' dir='ltr'>pugnans</span> <span class='ocrx_word' id='word_1_142' title='bbox 733 2122 898 2188; x_wconf 86' lang='lat' dir='ltr'>occiditur.</span> <span class='ocrx_word' id='word_1_143' title='bbox 948 2120 997 2184; x_wconf 92' lang='lat' dir='ltr'>illi</span> <span class='ocrx_word' id='word_1_144' title='bbox 1024 2138 1118 2204; x_wconf 82' lang='lat' dir='ltr'>aegre</span> <span class='ocrx_word' id='word_1_145' title='bbox 1149 2120 1217 2186; x_wconf 76' lang='lat' dir='ltr'>ade</span> 
     </span>
     <span class='ocr_line' id='line_1_19' title="bbox 130 2227 1189 2316; baseline 0 -24"><span class='ocrx_word' id='word_1_146' title='bbox 130 2234 256 2295; x_wconf 87' lang='lat' dir='ltr'>noctem</span> <span class='ocrx_word' id='word_1_147' title='bbox 278 2231 547 2316; x_wconf 79' lang='lat' dir='ltr'>oppugnationem</span> <span class='ocrx_word' id='word_1_148' title='bbox 570 2230 743 2310; x_wconf 83' lang='lat' dir='ltr'>sustinent3</span> <span class='ocrx_word' id='word_1_149' title='bbox 771 2233 864 2292; x_wconf 89' lang='lat' dir='ltr'>nocte</span> <span class='ocrx_word' id='word_1_150' title='bbox 886 2227 927 2292; x_wconf 88' lang='lat' dir='ltr'>ad</span> <span class='ocrx_word' id='word_1_151' title='bbox 947 2245 1052 2291; x_wconf 92' lang='lat' dir='ltr'>unum</span> <span class='ocrx_word' id='word_1_152' title='bbox 1079 2243 1189 2292; x_wconf 89' lang='lat' dir='ltr'>ornnes</span> 
     </span>
     <span class='ocr_line' id='line_1_20' title="bbox 130 2332 1216 2421; baseline -0.002 -22"><span class='ocrx_word' id='word_1_153' title='bbox 130 2335 293 2420; x_wconf 86' lang='lat' dir='ltr'>desperata</span> <span class='ocrx_word' id='word_1_154' title='bbox 323 2336 424 2401; x_wconf 89' lang='lat' dir='ltr'>salute</span> <span class='ocrx_word' id='word_1_155' title='bbox 458 2354 492 2401; x_wconf 93' lang='lat' dir='ltr'>se</span> <span class='ocrx_word' id='word_1_156' title='bbox 523 2336 586 2421; x_wconf 91' lang='lat' dir='ltr'>ipsi</span> <span class='ocrx_word' id='word_1_157' title='bbox 616 2334 821 2402; x_wconf 80' lang='lat' dir='ltr'>interficiunt</span> <span class='ocrx_word' id='word_1_158' title='bbox 871 2334 965 2417; x_wconf 85' lang='lat' dir='ltr'>pauci</span> <span class='ocrx_word' id='word_1_159' title='bbox 996 2350 1039 2396; x_wconf 85' lang='lat' dir='ltr'>ex</span> <span class='ocrx_word' id='word_1_160' title='bbox 1069 2332 1216 2415; x_wconf 81' lang='lat' dir='ltr'>proelior</span> 
     </span>
     <span class='ocr_line' id='line_1_21' title="bbox 130 2437 1189 2528; baseline -0.006 -21"><span class='ocrx_word' id='word_1_161' title='bbox 130 2442 229 2528; x_wconf 82' lang='lat' dir='ltr'>elapsi</span> <span class='ocrx_word' id='word_1_162' title='bbox 251 2443 381 2509; x_wconf 90' lang='lat' dir='ltr'>incertis</span> <span class='ocrx_word' id='word_1_163' title='bbox 402 2442 571 2508; x_wconf 86' lang='lat' dir='ltr'>itineribus</span> <span class='ocrx_word' id='word_1_164' title='bbox 592 2462 649 2527; x_wconf 90' lang='lat' dir='ltr'>per</span> <span class='ocrx_word' id='word_1_165' title='bbox 670 2442 766 2507; x_wconf 85' lang='lat' dir='ltr'>silvas</span> <span class='ocrx_word' id='word_1_166' title='bbox 788 2440 831 2505; x_wconf 83' lang='lat' dir='ltr'>ad</span> <span class='ocrx_word' id='word_1_167' title='bbox 850 2440 883 2505; x_wconf 81' lang='grc' dir='ltr'>Τ.</span> <span class='ocrx_word' id='word_1_168' title='bbox 906 2438 1083 2505; x_wconf 80' lang='lat' dir='ltr'>Labienum</span> <span class='ocrx_word' id='word_1_169' title='bbox 1104 2437 1189 2524; x_wconf 83' lang='lat' dir='ltr'>lege-</span> 
     </span>
     <span class='ocr_line' id='line_1_22' title="bbox 129 2544 1189 2634; baseline 0.001 -22"><span class='ocrx_word' id='word_1_170' title='bbox 129 2552 198 2612; x_wconf 90' lang='lat' dir='ltr'>tum</span> <span class='ocrx_word' id='word_1_171' title='bbox 228 2550 263 2612; x_wconf 92' lang='lat' dir='ltr'>in</span> <span class='ocrx_word' id='word_1_172' title='bbox 294 2550 428 2615; x_wconf 82' lang='lat' dir='ltr'>hiberna</span> <span class='ocrx_word' id='word_1_173' title='bbox 452 2549 644 2634; x_wconf 85' lang='lat' dir='ltr'>perveniunt</span> <span class='ocrx_word' id='word_1_174' title='bbox 675 2552 770 2631; x_wconf 90' lang='lat' dir='ltr'>atque</span> <span class='ocrx_word' id='word_1_175' title='bbox 798 2565 872 2612; x_wconf 92' lang='lat' dir='ltr'>eum</span> <span class='ocrx_word' id='word_1_176' title='bbox 903 2545 942 2611; x_wconf 92' lang='lat' dir='ltr'>de</span> <span class='ocrx_word' id='word_1_177' title='bbox 968 2544 1065 2611; x_wconf 90' lang='lat' dir='ltr'>rebus</span> <span class='ocrx_word' id='word_1_178' title='bbox 1091 2546 1189 2630; x_wconf 85' lang='lat' dir='ltr'>gestis</span> 
     </span>
     <span class='ocr_line' id='line_1_23' title="bbox 130 2656 447 2721; baseline 0.003 -2"><span class='ocrx_word' id='word_1_179' title='bbox 130 2656 296 2721; x_wconf 86' lang='lat' dir='ltr'>certiorem</span> <span class='ocrx_word' id='word_1_180' title='bbox 317 2656 447 2720; x_wconf 82' lang='lat' dir='ltr'>faciunt</span> 
     </span>
    </p>

    <p class='ocr_par' dir='ltr' id='par_1_3' title="bbox 128 2760 1241 4041">
     <span class='ocr_line' id='line_1_24' title="bbox 217 2760 1241 2845; baseline 0.005 -20"><span class='ocrx_word' id='word_1_181' title='bbox 217 2761 288 2826; x_wconf 82' lang='lat' dir='ltr'>Hac</span> <span class='ocrx_word' id='word_1_182' title='bbox 310 2763 445 2826; x_wconf 83' lang='lat' dir='ltr'>victorio</span> <span class='ocrx_word' id='word_1_183' title='bbox 466 2761 609 2827; x_wconf 89' lang='lat' dir='ltr'>sublatus</span> <span class='ocrx_word' id='word_1_184' title='bbox 631 2761 803 2827; x_wconf 79' lang='lat' dir='ltr'>Ambiorix</span> <span class='ocrx_word' id='word_1_185' title='bbox 824 2762 931 2827; x_wconf 85' lang='lat' dir='ltr'>stetim</span> <span class='ocrx_word' id='word_1_186' title='bbox 953 2778 1029 2828; x_wconf 83' lang='lat' dir='ltr'>cum</span> <span class='ocrx_word' id='word_1_187' title='bbox 1043 2760 1188 2845; x_wconf 76' lang='lat' dir='ltr'>equitatu</span> <span class='ocrx_word' id='word_1_188' title='bbox 1204 2771 1241 2830; x_wconf 79' lang='lat'>88</span> 
     </span>
     <span class='ocr_line' id='line_1_25' title="bbox 128 2864 1189 2953; baseline 0.005 -23"><span class='ocrx_word' id='word_1_189' title='bbox 128 2867 163 2930; x_wconf 95' lang='lat' dir='ltr'>in</span> <span class='ocrx_word' id='word_1_190' title='bbox 184 2867 375 2952; x_wconf 84' lang='lat' dir='ltr'>Atuatucos,</span> <span class='ocrx_word' id='word_1_191' title='bbox 401 2869 569 2952; x_wconf 91' lang='lat' dir='ltr'>quierant</span> <span class='ocrx_word' id='word_1_192' title='bbox 595 2868 664 2934; x_wconf 93' lang='lat' dir='ltr'>eius</span> <span class='ocrx_word' id='word_1_193' title='bbox 685 2888 783 2953; x_wconf 90' lang='lat' dir='ltr'>regno</span> <span class='ocrx_word' id='word_1_194' title='bbox 810 2867 951 2952; x_wconf 85' lang='lat' dir='ltr'>finitimi,</span> <span class='ocrx_word' id='word_1_195' title='bbox 977 2864 1189 2952; x_wconf 86' lang='lat' dir='ltr'>proficiscitur</span> 
     </span>
     <span class='ocr_line' id='line_1_26' title="bbox 129 2975 1187 3061; baseline 0.005 -24"><span class='ocrx_word' id='word_1_196' title='bbox 129 2991 236 3057; x_wconf 91' lang='lat' dir='ltr'>neque</span> <span class='ocrx_word' id='word_1_197' title='bbox 265 2980 393 3039; x_wconf 87' lang='lat' dir='ltr'>noctem</span> <span class='ocrx_word' id='word_1_198' title='bbox 423 2994 527 3059; x_wconf 90' lang='lat' dir='ltr'>neque</span> <span class='ocrx_word' id='word_1_199' title='bbox 554 2975 639 3041; x_wconf 92' lang='lat' dir='ltr'>diem</span> <span class='ocrx_word' id='word_1_200' title='bbox 666 2976 856 3060; x_wconf 89' lang='lat' dir='ltr'>intermittit,</span> <span class='ocrx_word' id='word_1_201' title='bbox 886 2975 1126 3061; x_wconf 88' lang='lat' dir='ltr'>peditatumque</span> <span class='ocrx_word' id='word_1_202' title='bbox 1152 2993 1187 3042; x_wconf 84' lang='lat' dir='ltr'>se</span> 
     </span>
     <span class='ocr_line' id='line_1_27' title="bbox 130 3078 1214 3167; baseline 0.001 -24"><span class='ocrx_word' id='word_1_203' title='bbox 130 3078 282 3162; x_wconf 88' lang='lat' dir='ltr'>subsequi</span> <span class='ocrx_word' id='word_1_204' title='bbox 312 3081 408 3146; x_wconf 88' lang='lat' dir='ltr'>iubet</span> <span class='ocrx_word' id='word_1_205' title='bbox 456 3101 492 3148; x_wconf 92' lang='lat' dir='ltr'>re</span> <span class='ocrx_word' id='word_1_206' title='bbox 520 3083 733 3148; x_wconf 77' lang='lat' dir='ltr'>demonstrato</span> <span class='ocrx_word' id='word_1_207' title='bbox 757 3083 990 3167; x_wconf 72' lang='lat' dir='ltr'>Atuatucisque</span> <span class='ocrx_word' id='word_1_208' title='bbox 1022 3079 1214 3148; x_wconf 77' lang='lat' dir='ltr'>concitatior</span> 
     </span>
     <span class='ocr_line' id='line_1_28' title="bbox 130 3185 1187 3274; baseline 0 -25"><span class='ocrx_word' id='word_1_209' title='bbox 130 3190 254 3270; x_wconf 90' lang='lat' dir='ltr'>postero</span> <span class='ocrx_word' id='word_1_210' title='bbox 278 3186 328 3252; x_wconf 88' lang='lat' dir='ltr'>die</span> <span class='ocrx_word' id='word_1_211' title='bbox 343 3188 379 3251; x_wconf 90' lang='lat' dir='ltr'>in</span> <span class='ocrx_word' id='word_1_212' title='bbox 393 3187 425 3252; x_wconf 87' lang='lat' dir='ltr'>N</span> <span class='ocrx_word' id='word_1_213' title='bbox 426 3189 530 3253; x_wconf 87' lang='lat' dir='ltr'>ervios</span> <span class='ocrx_word' id='word_1_214' title='bbox 546 3190 692 3273; x_wconf 86' lang='lat' dir='ltr'>pervenit</span> <span class='ocrx_word' id='word_1_215' title='bbox 704 3189 923 3274; x_wconf 89' lang='lat' dir='ltr'>hortaturque,</span> <span class='ocrx_word' id='word_1_216' title='bbox 945 3206 988 3253; x_wconf 89' lang='lat' dir='ltr'>ne</span> <span class='ocrx_word' id='word_1_217' title='bbox 1003 3186 1053 3253; x_wconf 90' lang='lat' dir='ltr'>sui</span> <span class='ocrx_word' id='word_1_218' title='bbox 1067 3185 1103 3249; x_wconf 94' lang='lat' dir='ltr'>in</span> <span class='ocrx_word' id='word_1_219' title='bbox 1117 3204 1187 3271; x_wconf 85' lang='lat' dir='ltr'>per-</span> 
     </span>
     <span class='ocr_line' id='line_1_29' title="bbox 130 3292 1187 3380; baseline 0.007 -25"><span class='ocrx_word' id='word_1_220' title='bbox 130 3296 262 3376; x_wconf 91' lang='lat' dir='ltr'>petuum</span> <span class='ocrx_word' id='word_1_221' title='bbox 279 3292 435 3359; x_wconf 79' lang='lat' dir='ltr'>liberandi</span> <span class='ocrx_word' id='word_1_222' title='bbox 457 3299 551 3378; x_wconf 87' lang='lat' dir='ltr'>atque</span> <span class='ocrx_word' id='word_1_223' title='bbox 574 3295 749 3360; x_wconf 88' lang='lat' dir='ltr'>ulciscendi</span> <span class='ocrx_word' id='word_1_224' title='bbox 768 3294 929 3362; x_wconf 88' lang='lat' dir='ltr'>Romanos</span> <span class='ocrx_word' id='word_1_225' title='bbox 950 3312 1008 3380; x_wconf 92' lang='lat' dir='ltr'>pro</span> <span class='ocrx_word' id='word_1_226' title='bbox 1030 3292 1084 3376; x_wconf 87' lang='lat' dir='ltr'>iis,</span> <span class='ocrx_word' id='word_1_227' title='bbox 1107 3310 1187 3376; x_wconf 83' lang='lat' dir='ltr'>quas</span> 
     </span>
     <span class='ocr_line' id='line_1_30' title="bbox 131 3399 1212 3484; baseline 0.003 -21"><span class='ocrx_word' id='word_1_228' title='bbox 131 3399 321 3484; x_wconf 85' lang='lat' dir='ltr'>acceperint,</span> <span class='ocrx_word' id='word_1_229' title='bbox 343 3401 468 3465; x_wconf 87' lang='lat' dir='ltr'>iniuriis</span> <span class='ocrx_word' id='word_1_230' title='bbox 486 3401 685 3466; x_wconf 89' lang='lat' dir='ltr'>occasionem</span> <span class='ocrx_word' id='word_1_231' title='bbox 703 3400 871 3466; x_wconf 80' lang='lat' dir='ltr'>dimittent</span> <span class='ocrx_word' id='word_1_232' title='bbox 911 3399 1094 3467; x_wconf 81' lang='lat' dir='ltr'>interfectos</span> <span class='ocrx_word' id='word_1_233' title='bbox 1116 3417 1212 3470; x_wconf 80' lang='lat' dir='ltr'>essee</span> 
     </span>
     <span class='ocr_line' id='line_1_31' title="bbox 130 3503 1186 3592; baseline 0.009 -25"><span class='ocrx_word' id='word_1_234' title='bbox 130 3503 250 3588; x_wconf 90' lang='lat' dir='ltr'>legatos</span> <span class='ocrx_word' id='word_1_235' title='bbox 277 3506 356 3571; x_wconf 88' lang='lat' dir='ltr'>duos</span> <span class='ocrx_word' id='word_1_236' title='bbox 382 3525 593 3592; x_wconf 86' lang='lat' dir='ltr'>magnamque</span> <span class='ocrx_word' id='word_1_237' title='bbox 619 3510 741 3592; x_wconf 82' lang='lat' dir='ltr'>portem</span> <span class='ocrx_word' id='word_1_238' title='bbox 768 3508 927 3574; x_wconf 87' lang='lat' dir='ltr'>exercitus</span> <span class='ocrx_word' id='word_1_239' title='bbox 952 3507 1100 3574; x_wconf 85' lang='lat' dir='ltr'>interisse</span> <span class='ocrx_word' id='word_1_240' title='bbox 1131 3506 1186 3577; x_wconf 82' lang='lat' dir='ltr'>de-</span> 
     </span>
     <span class='ocr_line' id='line_1_32' title="bbox 130 3612 1211 3707; baseline 0.005 -31"><span class='ocrx_word' id='word_1_241' title='bbox 130 3616 297 3694; x_wconf 85' lang='lat' dir='ltr'>monstrat;</span> <span class='ocrx_word' id='word_1_242' title='bbox 325 3612 407 3677; x_wconf 85' lang='lat' dir='ltr'>nibil</span> <span class='ocrx_word' id='word_1_243' title='bbox 433 3631 502 3679; x_wconf 89' lang='lat' dir='ltr'>esse</span> <span class='ocrx_word' id='word_1_244' title='bbox 528 3613 650 3698; x_wconf 90' lang='lat' dir='ltr'>negotii</span> <span class='ocrx_word' id='word_1_245' title='bbox 676 3612 780 3680; x_wconf 89' lang='lat' dir='ltr'>subito</span> <span class='ocrx_word' id='word_1_246' title='bbox 807 3634 988 3701; x_wconf 84' lang='lat' dir='ltr'>oppressum</span> <span class='ocrx_word' id='word_1_247' title='bbox 1018 3615 1211 3707; x_wconf 69' lang='lat' dir='ltr'>legionunl</span> 
     </span>
     <span class='ocr_line' id='line_1_33' title="bbox 131 3717 1185 3810; baseline 0.008 -26"><span class='ocrx_word' id='word_1_248' title='bbox 131 3736 212 3803; x_wconf 89' lang='lat' dir='ltr'>quae</span> <span class='ocrx_word' id='word_1_249' title='bbox 234 3738 308 3783; x_wconf 91' lang='lat' dir='ltr'>cum</span> <span class='ocrx_word' id='word_1_250' title='bbox 331 3717 482 3786; x_wconf 76' lang='lat' dir='ltr'>Cicerone</span> <span class='ocrx_word' id='word_1_251' title='bbox 504 3720 623 3787; x_wconf 90' lang='lat' dir='ltr'>hiemet</span> <span class='ocrx_word' id='word_1_252' title='bbox 626 3720 805 3807; x_wconf 82' lang='lat' dir='ltr'>,interfici3</span> <span class='ocrx_word' id='word_1_253' title='bbox 830 3741 865 3790; x_wconf 84' lang='lat' dir='ltr'>se</span> <span class='ocrx_word' id='word_1_254' title='bbox 887 3724 928 3788; x_wconf 86' lang='lat' dir='ltr'>ad</span> <span class='ocrx_word' id='word_1_255' title='bbox 942 3741 1014 3790; x_wconf 85' lang='lat' dir='ltr'>eom</span> <span class='ocrx_word' id='word_1_256' title='bbox 1027 3741 1096 3790; x_wconf 87' lang='lat' dir='ltr'>rem</span> <span class='ocrx_word' id='word_1_257' title='bbox 1111 3742 1185 3810; x_wconf 88' lang='lat' dir='ltr'>pro·</span> 
     </span>
     <span class='ocr_line' id='line_1_34' title="bbox 128 3823 1185 3918; baseline 0.013 -29"><span class='ocrx_word' id='word_1_258' title='bbox 128 3823 236 3890; x_wconf 87' lang='lat' dir='ltr'>fitetur</span> <span class='ocrx_word' id='word_1_259' title='bbox 258 3825 441 3892; x_wconf 81' lang='lat' dir='ltr'>adiutorem.</span> <span class='ocrx_word' id='word_1_260' title='bbox 485 3827 577 3894; x_wconf 75' lang='lat' dir='ltr'>facile</span> <span class='ocrx_word' id='word_1_261' title='bbox 603 3828 663 3893; x_wconf 84' lang='lat' dir='ltr'>hoc</span> <span class='ocrx_word' id='word_1_262' title='bbox 689 3829 832 3897; x_wconf 86' lang='lat' dir='ltr'>cretione</span> <span class='ocrx_word' id='word_1_263' title='bbox 853 3829 982 3898; x_wconf 80' lang='lat' dir='ltr'>Nerviis</span> <span class='ocrx_word' id='word_1_264' title='bbox 1006 3829 1185 3918; x_wconf 67' lang='lat' dir='ltr'>pennae</span> 
     </span>
     <span class='ocr_line' id='line_1_35' title="bbox 128 3930 1048 4041; baseline 0.011 -45"><span class='ocrx_word' id='word_1_265' title='bbox 128 3930 241 4016; x_wconf 78' lang='lat' dir='ltr'>Itaque</span> <span class='ocrx_word' id='word_1_266' title='bbox 263 3933 431 3999; x_wconf 89' lang='lat' dir='ltr'>confestim</span> <span class='ocrx_word' id='word_1_267' title='bbox 453 3934 592 4001; x_wconf 69' lang='lat' dir='ltr'>dimissb</span> <span class='ocrx_word' id='word_1_268' title='bbox 613 3934 737 4002; x_wconf 82' lang='lat' dir='ltr'>nuntiis</span> <span class='ocrx_word' id='word_1_269' title='bbox 758 3937 799 4004; x_wconf 79' lang='lat' dir='ltr'>ed</span> <span class='ocrx_word' id='word_1_270' title='bbox 821 3933 1048 4041; x_wconf 73' lang='lat' dir='ltr'>Ceutrones,</span> 
     </span>
    </p>
   </div>
   <div class='ocr_carea' id='block_1_3' title="bbox 911 4014 1057 4143">
    <p class='ocr_par' dir='ltr' id='par_1_4' title="bbox 911 4014 1057 4143">
     <span class='ocr_line' id='line_1_36' title="bbox 911 4014 1057 4143; baseline 0 -10"><span class='ocrx_word' id='word_1_271' title='bbox 911 4014 1057 4143; x_wconf 63' lang='lat' dir='ltr'>(r</span> 
     </span>
    </p>
   </div>
   <div class='ocr_carea' id='block_1_4' title="bbox 0 0 1374 4424">
    <p class='ocr_par' dir='ltr' id='par_1_5' title="bbox 0 0 1374 4424">
     <span class='ocr_line' id='line_1_37' title="bbox 0 0 1374 4424; baseline 0 0"><span class='ocrx_word' id='word_1_272' title='bbox 0 0 1374 4424; x_wconf 95' lang='lat' dir='ltr'> </span> 
     </span>
    </p>
   </div>
  </div>
 </body>
</html>
