2738 4424
178 196 244 262 104
573 212 679 268 BELLI
700 211 842 269 alnum

151 391 330 458 apaseuum
355 371 424 438 XX
451 374 657 460 progreditur.
708 372 855 440 Crassum
882 372 1120 440 Samarobrivae
1143 391 1238 459 ‘prae-

178 477 246 544 ficit
266 480 488 564 legionemque
511 482 542 545 ei
559 481 713 564 attribuit,
735 481 821 565 quod
838 482 884 545 ibi
901 480 1128 565 impedimenta
1144 499 1239 547 exer-

180 585 273 670 citus,
305 585 430 652 obsides
457 588 632 670 civitamm,
662 588 782 652 litteras
808 586 951 671 publicas
977 587 1239 669 frumentumque

181 710 287 775 omne,
310 692 395 775 quod
418 711 455 756 eo
478 692 659 757 tolerandae
682 694 793 757 hiemis
815 711 912 757 causa
934 692 1116 776 devexerat,
1138 693 1238 757 relin-

153 797 305 882 equehat
357 796 487 882 Fabius,
523 802 560 862 ut
589 799 778 882 imperatum
810 803 889 882 erat,
924 817 990 861 non
1023 798 1069 861 ita
1097 799 1238 864 multum

153 909 321 974 umbratus
337 905 373 968 in
390 904 505 969 itinere
523 923 596 967 cum
614 903 739 988 legione
758 904 902 968 occurrit
927 903 1086 968 Labienus
1103 905 1238 970 interitu

180 1007 290 1074 Sabini
313 1014 345 1075 et
366 1011 462 1075 caede
485 1010 662 1074 cohortium
689 1011 828 1094 cognita,
855 1029 930 1073 oum
945 1012 1067 1075 'omnes
1093 1009 1134 1074 ad
1161 1029 1237 1075 eum

178 1115 387 1182 Treverorum
409 1116 518 1200 copiae
539 1117 713 1200 venissent,
736 1116 871 1199 veritus,
897 1134 953 1196 ne,
976 1116 1005 1180 si
1026 1134 1069 1191 er
1095 1115 1237 1182 hibernis

161 1222 272 1307 ,fugae
307 1222 443 1287 similem
475 1222 701 1306 profectionem
735 1220 872 1305 iecisset,
908 1222 1047 1286 hostium
1081 1221 1238 1306 impetum

179 1329 336 1393 sustinere
367 1346 433 1391 non
464 1333 582 1412 posset,
617 1327 801 1411 praesertim
838 1345 917 1409 quoe
948 1327 1069 1392 recenti
1102 1328 1238 1393 victoria

153 1434 284 1501 eefferri
298 1433 405 1517 sciret,
428 1433 547 1497 litteras
563 1432 689 1498 Caesari
702 1433 847 1515 remittit,
871 1436 989 1514 quanto
1005 1452 1080 1497 cum
1094 1434 1238 1517 periculo

178 1539 337 1623 legionem
359 1556 401 1602 ex
421 1538 563 1602 hibernis
577 1538 748 1602 educturus
764 1542 858 1619 esset3
882 1556 951 1602 rem
965 1543 1085 1623 gestam
1099 1540 1135 1603 in
1148 1539 1238 1604 Ebu·

178 1644 311 1709 renibus
333 1642 511 1728 perscribit,
535 1643 628 1707 docet
650 1662 759 1707 omnes
774 1643 934 1726 equitatus
948 1644 1169 1728 peditatusque
1184 1665 1238 1710 co·

177 1750 246 1835 pias
267 1749 474 1814 Treverorum
495 1748 546 1813 111
566 1748 656 1810 milia
678 1768 829 1832 passuum
852 1749 946 1834 longe
973 1750 1013 1815 ab
1036 1750 1103 1815 suis
1126 1752 1238 1816 cnemis

122 1873 160 1930 48
179 1857 367 1922 consedisse.
417 1852 532 1920 Caesar
562 1854 695 1919 consilio
728 1855 798 1919 eius
824 1855 970 1938 probato,
1002 1856 1062 1920 etsi
1086 1857 1236 1940 opinione

178 1963 275 2028 trium
296 1961 458 2046 legionum
481 1961 623 2025 deiectus
646 1961 686 2024 ad
710 1961 788 2024 duas
810 1962 977 2044 reciderat,
1004 1966 1112 2027 tamen
1133 1981 1237 2027 unum

151 2068 341 2136 roommuni
372 2067 467 2131 saluti
499 2066 656 2130 auxilium
691 2067 725 2130 in
757 2066 916 2131 celeritate
948 2067 1093 2151 ponebat
1147 2069 1238 2134 venit

177 2176 300 2260 magnis
330 2172 499 2239 itineribus
530 2172 566 2236 in
596 2172 788 2237 Nerviorum
817 2171 906 2237 fines.
952 2173 999 2237 ibi
1030 2192 1072 2238 ex
1103 2175 1237 2258 captivis

178 2281 350 2365 cognoscit,
379 2298 464 2361 quae
489 2279 572 2364 apud
600 2276 783 2343 Ciceronem
810 2272 960 2363 gerantur
987 2283 1170 2361 quantoque
1201 2280 1237 2345 in

150 2387 317 2470 epericulo
340 2405 391 2451 res
413 2387 462 2450 sit
507 2390 577 2450 tum
600 2385 725 2448 cuidam
750 2403 791 2448 ex
815 2383 975 2467 equitibus
991 2385 1090 2450 Gallis
1111 2386 1238 2469 magnis

176 2492 326 2576 praemiis
352 2492 533 2575 persuadet,
559 2491 607 2554 uti
634 2491 674 2554 ad
702 2488 889 2555 Ciceronem
916 2491 1082 2574 epistulam
1109 2491 1236 2557 deferat

150 2597 259 2665 thano
291 2595 420 2660 Graecis
452 2596 662 2678 conscriptam
698 2596 810 2661 litteris
843 2596 953 2679 mittit,
989 2615 1030 2662 ne
1063 2598 1238 2682 intercepta

151 2702 313 2786 sapistula
334 2707 443 2766 nostra
465 2702 504 2765 ab
520 2701 664 2764 hostibus
679 2703 813 2765 consilia
828 2708 1066 2786 cognoscantur.
1103 2704 1132 2768 si
1149 2705 1238 2769 adire

178 2827 245 2874 nan
266 2808 378 2892 possit,
400 2811 521 2891 monet,
544 2811 581 2871 ut
602 2807 759 2891 tragulam
781 2828 855 2871 oum
870 2809 1006 2892 epistula
1020 2809 1060 2872 ad
1075 2815 1238 2875 amentum

152 2914 315 2999 edeligata
345 2915 429 2978 intra
459 2913 653 2978 munitiones
685 2917 861 2978 castrorum
889 2913 1013 2978 abiciat
1063 2915 1097 2979 in
1123 2916 1238 2981 litteris

179 3020 289 3086 scribit
310 3038 344 3085 se
367 3039 442 3085 cum
463 3017 643 3103 legionibus
665 3020 840 3103 profectum
863 3019 1007 3084 celeriter
1021 3021 1142 3102 adfore,
1165 3022 1238 3087 hor·

153 3132 276 3210 rtatim,
303 3131 340 3191 ut
360 3126 525 3211 pristinam
553 3125 703 3189 virtutem
730 3125 872 3189 retineat
923 3124 1034 3190 Gallus
1060 3128 1238 3211 periculum

153 3235 311 3318 eventus,
334 3236 371 3297 ut
393 3235 460 3298 erat
481 3236 696 3316 praeceptum,
723 3231 878 3314 tragulam
905 3232 1009 3296 mittit
1058 3233 1136 3298 haec
1162 3253 1238 3298 casu

180 3339 221 3404 ad
252 3339 366 3404 turrim
397 3338 541 3403 adhaesit
571 3356 677 3420 neque
708 3338 867 3401 anostris
894 3337 991 3401 biduo
1019 3339 1240 3404 animadversa

180 3446 273 3512 tertio
296 3445 347 3510 die
370 3464 389 3508 a
412 3444 550 3527 quodam
575 3443 676 3507 milite
703 3443 909 3526 conspicitur,
937 3444 1063 3527 dempta
1089 3445 1129 3508 ad
1152 3443 1239 3510 Cice-

155 3571 292 3620 oronem
315 3551 460 3615 defertur.
504 3549 559 3614 ille
581 3549 751 3633 perlectam
777 3549 813 3613 in
840 3555 999 3613 conventu
1025 3549 1162 3613 militum
1190 3569 1240 3615 re·

144 3658 258 3727 iaciat
279 3657 482 3737 maximaque
505 3673 615 3719 omnes
637 3653 759 3718 laetitia
781 3653 894 3718 adficit
940 3659 1008 3718 tum
1030 3656 1109 3719 fumi
1130 3655 1240 3719 incen-

183 3763 307 3828 diorum
328 3760 440 3846 procul
461 3759 664 3841 ridebantur3
689 3777 772 3842 quae
794 3778 845 3824 ree
868 3779 995 3825 omnem
1010 3760 1240 3826 dubitationem

183 3868 339 3933 adventus
360 3866 522 3950 legionum
545 3864 675 3949 expulit
