2738 4424
446 290 554 346 LIBER
570 290 631 346 VH.
651 289 726 346 off.
745 291 864 346 67-71.
1118 272 1180 336 167

127 454 200 517 ante
218 451 369 535 oppidum
383 453 531 537 planities
553 453 677 517 circiter
698 453 787 515 milia
809 471 962 536 passuum
984 450 1036 515 III
1057 451 1092 514 in
1113 449 1210 516 lon-a

126 557 303 643 gitudinem
329 557 467 642 patebat,
499 557 632 642 reliquis
664 576 705 622 ex
737 557 884 623 omnibus
914 556 1058 641 partibus
1087 556 1210 623 collesa

127 663 280 729 medlocri
301 664 468 729 interiecto
491 664 591 747 spatio
614 664 682 747 pari
698 663 874 728 altitudinis
891 663 1015 747 fastigio
1032 662 1183 746 oppidum

128 768 305 854 cingebant
343 768 403 834 sub
422 789 528 854 muro,
552 789 633 853 quae
652 789 725 853 pars
744 769 833 834 collis
852 769 893 833 ad
912 769 1067 834 orientem
1085 767 1210 835 solems

128 872 301 960 spectabat,
327 875 414 940 hunc
441 895 566 940 omnem
593 875 701 940 locum
727 876 834 960 copiae
858 874 1021 939 Gallorum
1048 873 1185 958 eomple-

129 984 242 1046 rerant
262 981 443 1065 fossamque
465 985 498 1045 et
518 981 687 1046 maceriam
713 982 748 1044 in
770 981 970 1046 altitudinem
993 980 1040 1044 VI
1066 981 1185 1065 pedum

129 1087 372 1170 praeduxerant
395 1086 465 1152 eius
487 1087 687 1170 munitioms,
710 1107 791 1170 quae
815 1085 854 1151 ab
869 1086 1020 1151 Romanis
1041 1087 1212 1153 institues

130 1191 238 1276 batur,
263 1193 413 1257 circmtus
434 1192 486 1257 XI
508 1193 596 1256 milia
617 1212 769 1277 passuum
791 1193 925 1257 tenebat
970 1196 1072 1256 castra
1094 1209 1212 1275 opor-r

130 1299 220 1364 tunis
250 1298 329 1363 locis
361 1302 453 1364 erant
482 1299 587 1383 posita
611 1297 693 1362 VIII
725 1299 916 1381 castellaque
946 1297 1065 1363 XXIII
1089 1298 1184 1381 facta3

132 1404 250 1488 quibus
272 1407 308 1468 in
330 1404 466 1469 castellis
488 1405 625 1469 interdiu
648 1405 798 1470 stationes
820 1404 1032 1488 ponebantur,
1060 1422 1100 1468 ne
1124 1423 1187 1488 qua

131 1510 236 1575 subito
259 1511 382 1594 erupto
404 1509 506 1592 fieret;
534 1510 612 1576 haec
634 1510 745 1577 eadem
767 1516 865 1575 noctu
887 1510 1128 1576 excubitoribus
1150 1529 1187 1574 ac

131 1616 231 1680 firmis
253 1615 421 1699 praesidiis
443 1615 639 1680 tenebantur.
686 1614 788 1700 Opere
810 1617 955 1682 instituto
981 1615 1019 1680 fit
1041 1621 1187 1701 equestre
1206 1630 1241 1688 aa

131 1722 289 1807 proelium
312 1723 348 1784 in
371 1740 408 1786 ea
434 1722 578 1806 planitie,
610 1742 706 1805 quam
728 1723 940 1788 intermissam
967 1722 1101 1788 collibus
1128 1723 1188 1788 tria

131 1828 221 1892 milia
242 1846 394 1911 passuum
420 1828 455 1892 in
481 1828 715 1912 longitudinem
741 1834 848 1912 patere
875 1848 971 1913 supra
996 1829 1188 1893 demonstra·

132 1935 245 1997 rimus.
290 1952 415 1997 summa
436 1935 470 1999 ri
491 1934 531 1998 ab
553 1935 697 2018 utrisque
720 1934 928 1999 contenditur.
972 1932 1216 2002 laborantibusa

132 2040 249 2104 nostris
272 2037 385 2104 Caesar
401 2041 575 2105 Germanos
597 2040 755 2105 submittit
776 2041 980 2124 legionesque
999 2059 1056 2124 pro
1079 2041 1190 2105 castris

134 2146 311 2229 constituit,
332 2165 375 2210 ne
392 2165 455 2230 qua
469 2144 574 2212 subito
590 2146 731 2230 inruptio
755 2146 795 2210 ab
811 2147 949 2211 hostium
964 2146 1105 2231 peditatu
1126 2145 1189 2210 fiat

133 2252 289 2336 praesidio
312 2252 478 2336 legionum
499 2251 606 2317 addito
629 2252 745 2317 nostris
768 2253 893 2317 animus
915 2257 1061 2336 augetur:
1085 2254 1218 2320 hostesa

134 2359 171 2423 in
196 2358 303 2443 fugam
334 2359 468 2424 coniecti
499 2377 534 2424 se
565 2358 626 2443 ipsi
657 2358 860 2424 multitudine
891 2358 1069 2442 impediunt
1095 2363 1190 2442 atque

136 2463 370 2550 angustioribus
400 2465 499 2550 portis
529 2465 647 2529 relictis
674 2469 864 2530 coartantur.
910 2464 1060 2529 Germani
1087 2465 1219 2531 acriusc

136 2589 238 2653 usque
261 2572 302 2635 ad
323 2570 518 2636 munitiones
541 2574 728 2654 sequuntur.
772 2570 810 2635 fit
832 2591 948 2656 magna
974 2572 1098 2654 caedes;
1126 2589 1219 2639 nona

136 2677 220 2742 nulli
241 2677 359 2742 relictis
382 2678 473 2760 equis
494 2678 612 2743 fossam
633 2677 767 2742 bamire
790 2682 822 2743 et
842 2677 1011 2744 maceriam
1033 2682 1194 2743 transcen-

138 2784 213 2849 dere
238 2788 400 2847 conantur.
446 2784 577 2868 paulum
603 2784 745 2869 legiones
768 2781 894 2869 Caesar,
922 2804 1001 2867 quas
1027 2803 1083 2869 pro
1110 2784 1193 2848 vallo

139 2889 357 2972 constituerat,
379 2892 559 2973 promoveri
581 2889 677 2955 iubet.
713 2909 780 2955 non
797 2891 917 2975 miuus,
940 2891 997 2975 qui
1019 2891 1104 2955 intra
1124 2911 1222 2958 mua

139 2995 277 3059 nitiones
296 2999 387 3059 erant
405 2995 502 3078 Galli,
523 2996 761 3080 perturbantm:
785 2997 890 3062 veniri
912 2997 952 3060 ad
974 3017 1008 3062 se
1031 2997 1196 3062 confestim

141 3101 360 3165 existimantes
382 3100 423 3163 ad
444 3120 532 3164 arma
554 3103 764 3185 conclamant3
792 3121 858 3166 non
880 3103 960 3166 nulli
982 3104 1140 3186 perterriti
1161 3102 1196 3167 in

143 3205 293 3290 oppidum
318 3206 515 3288 Inrumpunt.
560 3208 804 3292 Vercingetorix
835 3206 923 3272 iubet
950 3213 1057 3291 portas
1083 3209 1223 3294 claudia

142 3330 182 3376 ne
205 3315 307 3376 castra
328 3310 499 3375 nudentur.
536 3312 645 3377 multis
664 3313 847 3396 interiectis,
870 3313 1087 3397 compluribus
1107 3316 1197 3399 equis

143 3417 242 3501 captis
266 3416 416 3481 Germani
435 3434 504 3482 sese
531 3418 697 3502 recipiunt
730 3418 988 3504 Vercingetorix,
1010 3422 1199 3505 priusquam
1217 3436 1251 3492 tl

143 3523 340 3590 munitiones
361 3522 400 3587 ab
422 3521 575 3588 Romanis
596 3523 812 3610 perficiantur,
839 3525 1007 3590 consilium
1029 3528 1112 3611 capit
1133 3546 1200 3592 om·

143 3648 218 3695 nem
238 3629 278 3693 ab
298 3648 332 3695 se
352 3629 529 3712 equitatum
547 3634 645 3694 noctu
661 3629 826 3696 dimittere.
861 3630 1097 3697 discedentibus
1111 3652 1228 3700 man-a

144 3735 212 3818 dat,
238 3739 275 3799 ut
301 3754 392 3799 suam
419 3736 553 3819 quIsque
581 3753 692 3800 eorum
718 3737 876 3803 civitatem
903 3737 995 3803 adeat
1019 3757 1201 3824 omnesque,

146 3842 202 3924 qui
229 3861 287 3925 per
313 3844 447 3907 aetatem
474 3861 562 3906 arma
587 3843 670 3908 ferro
697 3843 832 3927 possint,
861 3843 901 3908 ad
927 3842 1047 3909 bellum
1074 3850 1201 3930 cogant3
1247 3859 1249 3863 ’

145 3965 205 4012 sna
227 3947 262 4009 in
284 3946 355 4012 illos
376 3948 489 4011 merita
510 3948 658 4031 proponit
680 3946 929 4032 obtestaturque,
950 3953 987 4014 ut
1000 3969 1077 4016 suae
1092 3950 1231 4018 salutisa

1263 4106 1308 4159 ,A
