2738 4424
444 276 552 334 uisus
569 278 630 333 VII.
652 277 727 333 CAP.
747 277 866 331 23-28.
1120 263 1183 324 145

129 439 201 502 dem
222 440 343 503 ratione
364 439 431 504 ictu
452 440 626 523 scorpionis
642 439 821 502 exanimato
838 439 936 502 altero
958 440 1109 502 successit
1123 443 1185 502 ter·

129 546 193 609 tius
215 547 248 608 et
269 545 361 609 tertio
385 550 529 629 quartus,
550 563 611 609 nec
625 545 713 629 prius
736 544 790 608 1110
805 549 853 607 001
867 563 886 606 0
901 543 1211 627 propugnatoribus«

129 669 249 715 vacuus
271 650 400 716 relictus
422 651 525 734 locus,
553 669 650 734 quam
672 650 820 714 restincto
844 669 957 733 aggere
981 655 1074 730 atque
1098 650 1185 712 omni

128 761 215 840 parte
238 754 393 822 submotis
415 755 559 821 hostibus
577 755 652 820 linis
674 760 722 820 est
740 755 905 839 pugnandi
923 755 1032 819 factus.
1050 747 1052 751 ’
1070 754 1185 819 Omnia
1202 773 1243 828 ee

129 863 252 946 experti
275 861 370 945 Galli,
394 861 480 944 quod
500 881 552 926 res
566 862 655 925 nulla
670 867 872 945 successerat,
895 867 1020 944 postero
1044 860 1095 926 die
1109 879 1185 924 con-

128 968 237 1032 silium
259 971 411 1052 oepemmt
433 987 474 1032 ex
496 968 610 1053 oppido
636 968 802 1051 profugere
828 969 973 1031 hortante
998 972 1030 1032 et
1055 965 1185 1032 iubente

129 1074 395 1158 Vercingetorige.
428 1074 461 1137 id
476 1074 601 1138 silentio
617 1074 720 1138 noctis
735 1075 839 1138 conati
853 1093 919 1137 non
933 1092 1050 1156 magna
1064 1073 1186 1137 iactura
1198 1099 1212 1144 2

129 1199 262 1244 suorum
288 1199 357 1245 sese
380 1179 544 1244 effecturos
571 1179 751 1263 sperabant,
777 1185 942 1263 propterea
969 1179 1053 1262 quod
1079 1196 1185 1261 neque

129 1285 224 1369 longe
251 1283 290 1349 ab
318 1285 434 1370 oppido
462 1290 563 1350 castra
583 1285 854 1368 Vercingetorigis
880 1285 1011 1350 aberant
1037 1291 1069 1350 et
1094 1284 1185 1370 palus

129 1397 292 1475 perpetua,
324 1411 405 1474 quae
436 1391 663 1475 intercedebat,
694 1392 854 1456 Romanos
885 1391 925 1455 ad
951 1391 1184 1472 insequendum

129 1497 280 1562 tardabat.
324 1498 452 1580 iamque
474 1498 535 1561 hoc
556 1497 659 1562 facere
681 1504 778 1561 noctu
800 1496 1004 1580 apparabant,
1027 1517 1101 1561 oum
1119 1516 1212 1567 maa

128 1608 193 1667 tres
214 1603 353 1666 familiae
375 1608 504 1686 repente
526 1603 562 1667 in
583 1603 748 1686 publicum
765 1607 990 1686 procurrerunt
1010 1601 1186 1686 flentesque

128 1710 286 1792 proiectae
312 1709 353 1772 ad
378 1709 475 1792 pedes
507 1729 637 1773 suorum
665 1709 812 1773 omnibus
841 1709 988 1791 precibus
1019 1710 1186 1793 petierunt,

128 1833 171 1878 ne
193 1834 227 1879 se
251 1819 283 1880 01
305 1833 489 1880 communes
511 1814 628 1879 liberos
650 1815 794 1879 hostibus
816 1814 856 1878 ad
879 1814 1068 1898 supplicium
1091 1815 1186 1879 dede·

128 1925 214 2003 rent,
242 1940 321 2004 quos
343 1921 383 1984 ad
406 1921 592 2004 capiendam
613 1921 722 2004 fugam
743 1925 875 1984 naturae
902 1925 934 1984 et
955 1920 1072 1983 virium
1099 1919 1186 1983 infir·

129 2026 223 2090 mitas
244 2025 418 2110 impediret
462 2026 519 2090 ubi
543 2045 596 2091 eos
622 2026 658 2090 in
680 2025 836 2091 sententia
862 2031 1002 2109 perstare
1028 2025 1212 2110 viderunts

131 2133 216 2214 quod
238 2132 426 2217 plerumque
448 2134 484 2196 in
506 2151 629 2196 summo
656 2132 796 2216 periculo
823 2132 918 2196 timor
938 2131 1185 2198 misericordiam

129 2258 195 2302 non
226 2239 350 2323 recipit,
382 2239 577 2303 conclamare
604 2242 635 2303 et
661 2236 840 2322 significare
867 2237 906 2302 de
932 2237 1009 2322 fuga
1035 2237 1186 2302 Romanis

130 2349 311 2428 coeperunt.
362 2364 425 2428 quo
452 2345 565 2422 timore
592 2345 749 2428 perterriti
777 2343 872 2427 Galli,
903 2362 944 2408 ne
976 2342 1015 2407 ab
1043 2345 1212 2426 equitatus

128 2449 346 2515 Romanorum
375 2451 446 2515 viae
477 2454 794 2535 praeoccuparentur,
826 2449 958 2514 consilio
991 2449 1185 2515 destiterunt

129 2556 260 2622 Postero
293 2556 344 2621 die
371 2555 485 2622 ansar
515 2562 657 2640 promota
688 2557 768 2620 turri
800 2554 998 2638 derectisque
1030 2555 1186 2640 operibus,
1202 2572 1240 2628 27

130 2682 213 2745 quae
234 2644 337 2728 100000
359 2663 551 2745 instituerat,
573 2681 688 2746 magno
710 2667 818 2728 coorto
840 2661 937 2726 imbri
950 2681 1015 2726 non
1039 2663 1186 2728 inutilem

131 2768 212 2832 hanc
246 2768 286 2832 ad
322 2768 510 2851 capiendum
547 2769 716 2833 consilium
753 2773 970 2852 tempestatem
1007 2769 1186 2853 arbitratus,

133 2873 218 2955 quod
239 2874 333 2956 paulo
356 2875 515 2939 incautius
530 2875 688 2939 custodias
709 2875 746 2938 in
763 2894 854 2939 muro
871 2874 1036 2958 dispositas
1050 2875 1186 2959 videbat,

131 2998 206 3043 suos
235 2996 361 3060 quoque
387 2979 570 3062 languidius
591 2980 743 3064 inopere
770 2981 889 3044 versari
915 2981 1008 3044 iussit
1038 2990 1082 3063 et,
1109 2980 1186 3063 quid

131 3084 201 3149 fieri
219 3083 327 3167 vellet,
351 3084 486 3148 ostendit
499 3085 743 3168 legionibusque
761 3084 858 3170 [intra
871 3085 992 3169 vineas]
1011 3087 1046 3149 in
1064 3087 1213 3153 occultos

131 3190 289 3273 expeditis
319 3188 512 3272 cohortatus,
544 3196 580 3253 ut
610 3191 779 3273 aliquando
809 3210 867 3273 pro
899 3192 995 3255 tantis
1026 3190 1187 3257 laboribus

131 3296 269 3359 fructum
284 3296 435 3359 victoriae
449 3296 658 3380 perciperent,
681 3297 733 3378 iis,
757 3296 813 3378 qui
827 3297 923 3379 primi
935 3316 1064 3361 murum
1079 3314 1187 3362 ascen-

132 3403 266 3484 dissent,
288 3401 428 3485 praemia
449 3401 614 3485 proposuit
634 3401 850 3484 militibusque
865 3403 992 3485 signum
1008 3403 1102 3468 dedit
1140 3404 1214 3471 illis

132 3508 237 3572 subito
261 3525 302 3571 ex
324 3507 472 3572 omnibus
493 3507 635 3591 partibus
658 3507 863 3571 evolaverunt
888 3527 1079 3592 murumque
1106 3509 1188 3575 cele·

132 3616 209 3678 riter
231 3613 476 3697 compleverunt
520 3613 637 3678 Hostes
654 3633 689 3679 ro
712 3633 795 3676 nova
816 3615 986 3698 perterriti,
1008 3635 1099 3679 muro
1121 3621 1188 3679 tur·
1204 3630 1246 3688 28

132 3718 285 3802 ribusque
314 3718 440 3802 deiecti,
466 3719 502 3782 in
522 3721 591 3783 foro
614 3738 651 3783 ac
672 3719 751 3784 locis
772 3719 1002 3803 patentioribus
1030 3723 1188 3786 cuneatim

131 3826 355 3907 constiterunt,
377 3824 436 3888 hoc
459 3826 578 3907 animo,
601 3830 650 3908 ut,
673 3826 779 3909 siqua
793 3845 835 3890 ex
849 3829 938 3910 parte
961 3826 1087 3891 obviam
1103 3826 1188 3911 [con-

132 3931 192 4016 tra]
215 3933 389 4015 veniretur,
413 3931 480 3996 acie
502 3931 656 3996 instructa
678 3931 904 4016 depugnarent
950 3931 1007 3996 ubi
1028 3935 1216 4001 neminems

177 4051 268 4106 cum,
281 4052 308 4095 0.
323 4050 379 4094 our.
997 4055 1032 4110 10
