2738 4424
183 131 224 195 86
579 149 683 205 nunu
701 150 841 205 cinnor

147 315 216 372 tae
239 308 273 372 in
295 309 459 393 superiora
482 309 551 373 loca
566 311 759 375 abdiderant
798 310 913 375 Caesar
927 309 1082 394 exposito
1105 307 1254 373 exercitu

183 420 214 480 et
231 415 301 481 loco
320 417 430 480 castris
448 417 562 482 idoneo
582 423 687 501 capto,
703 416 760 480 ubi
779 435 819 480 ex
838 416 971 500 captivis
989 414 1165 499 cognovit,
1190 432 1253 499 quo

182 522 215 584 in
247 521 316 585 loco
348 522 487 586 hostium
519 524 628 606 copiae
660 524 890 604 consedissent,
922 520 1113 586 cohortibus
1147 520 1186 587 X
1211 518 1252 586 ad

181 646 267 692 mare
298 628 418 692 relictis
450 635 482 692 et
513 629 675 711 equitibus
707 627 794 711 000,
827 629 883 710 qui
915 626 1076 712 praesidio
1109 626 1251 692 navibus

182 740 299 815 essent,
332 734 371 798 de
403 734 495 798 tertia
527 735 636 818 vigilia
667 735 707 798 ad
734 735 839 800 hostes
871 733 1036 799 contendit
1068 751 1110 798 eo
1137 733 1251 798 minus

181 840 301 903 veritus
323 839 472 922 navibus,
501 841 586 924 quod
609 842 643 904 in
665 841 759 905 litore
786 841 875 905 molli
901 844 997 924 atque
1025 844 1138 924 aperto
1168 839 1251 905 deli·

182 950 270 1029 gatas
302 946 342 1010 ad
374 965 506 1011 ancoras
537 947 744 1030 relinquebat.
794 948 824 1012 ei
852 944 1007 1030 praesidio
1040 945 1249 1030 navibusque

156 1050 218 1128 aQ.
241 1053 371 1117 Atrium
393 1053 550 1136 praefecit
589 1055 655 1137 ipse
674 1059 771 1117 noctu
785 1070 970 1137 progressus
984 1050 1073 1114 milia
1088 1070 1249 1135 passuum

155 1159 308 1223 scirciter
328 1157 395 1221 XII
418 1159 554 1222 hostium
579 1160 684 1242 copias
707 1160 908 1242 conspicatus
931 1161 986 1223 est
1030 1156 1080 1220 illi
1096 1157 1249 1240 equitatu

51 1283 53 1287 ·
182 1270 277 1344 atque
300 1263 419 1326 essedis
434 1263 473 1326 ad
489 1263 607 1327 flumen
624 1265 782 1348 progressi
797 1282 838 1328 ex
854 1265 922 1328 loco
937 1262 1100 1347 superiore
1116 1268 1248 1328 nostros

155 1366 348 1452 eprohibere
372 1374 404 1432 et
424 1368 578 1451 proelium
603 1370 797 1433 committere
825 1373 1003 1452 coeperunt.
1052 1368 1177 1451 repulsi
1204 1367 1247 1432 ab

182 1473 326 1556 equitatu
353 1491 388 1537 se
411 1474 443 1536 in
471 1474 567 1538 silvas
594 1474 785 1538 abdiderunt
810 1475 915 1539 locum
942 1473 1026 1538 nacti
1053 1475 1185 1558 egregie
1212 1478 1248 1539 et

181 1583 296 1643 natine
318 1583 350 1643 et
372 1599 466 1663 opere
488 1581 662 1663 munitum,
686 1600 781 1662 quem
805 1581 972 1645 domestici
987 1579 1076 1661 belli,
1099 1584 1139 1644 ut
1153 1580 1247 1647 vide-

156 1685 288 1766 sbatur,
311 1687 491 1750 carmeiam
514 1693 586 1750 ante
609 1694 884 1770 praeparaverant3
908 1706 983 1751 nam
1006 1685 1125 1750 crebris
1150 1687 1247 1752 arbo·

155 1792 271 1858 eribus
298 1792 430 1856 succisis
458 1811 567 1857 omnes
593 1794 742 1858 introitus
772 1798 862 1858 erant
894 1792 1059 1877 praeclusi.
1109 1793 1174 1877 ipsi
1201 1810 1247 1859 ex

182 1898 271 1964 silvis
292 1899 357 1961 rari
378 1899 618 1982 propugnabant
645 1905 833 1983 nostrosque
860 1899 944 1963 intra
970 1899 1166 1963 munitiones
1194 1899 1246 1963 in·

156 2005 272 2090 egredi
294 2003 510 2089 prohibebant.
556 2009 588 2069 at
606 2007 721 2071 milites
740 2006 874 2090 legionis
892 2005 963 2069 VII.
979 2003 1139 2069 testudine
1156 2003 1246 2070 facta

182 2118 214 2175 et
236 2130 348 2195 aggere
376 2112 416 2176 ad
438 2112 633 2177 munitiones
662 2113 783 2177 adiecto
812 2112 917 2174 locum
944 2112 1095 2194 ceperunt
1120 2128 1244 2194 eosque

154 2235 224 2282 sex
246 2218 336 2282 silvis
359 2219 553 2300 expulerunt
574 2219 683 2301 paucis
706 2216 893 2282 vulneribus
917 2218 1059 2300 acceptis.
1104 2215 1162 2280 scd
1185 2234 1244 2284 eos

180 2322 338 2406 fugientes
369 2323 494 2407 longius
527 2322 641 2388 Caesar
672 2323 821 2407 prosequi
854 2324 968 2404 vetuit,
999 2329 1030 2386 et
1061 2321 1149 2404 quod
1176 2321 1243 2388 loci

181 2432 326 2490 nutrirem
349 2428 529 2511 ignorabat,
553 2434 585 2493 et
606 2429 691 2512 quod
715 2449 831 2511 magna
853 2434 940 2512 parte
964 2427 1027 2491 diei
1050 2436 1243 2513 consumpta

128 2546 164 2601 10
180 2533 354 2595 munitioni
376 2538 551 2597 castrorum
580 2539 704 2618 tempus
731 2535 870 2617 relinqui
898 2533 1029 2598 volebat
1079 2533 1242 2601 Postridie

181 2638 249 2700 eius
273 2638 337 2701 diei
360 2657 452 2703 mane
474 2640 629 2722 tripertito
652 2640 768 2704 milites
791 2641 980 2723 equitesque
1004 2640 1039 2703 in
1063 2640 1241 2725 expeditio-

154 2761 253 2808 anem
269 2744 375 2826 misit,
398 2748 434 2808 ut
456 2763 523 2828 eos,
546 2746 603 2828 qui
620 2746 779 2829 fugerant,
801 2751 1074 2829 persequerentur.
1113 2746 1162 2810 his
1181 2747 1240 2811 ali·

181 2854 336 2932 quantum
358 2849 482 2914 itineris
504 2852 690 2934 progressis,
717 2870 790 2913 cum
817 2853 880 2913 iam
909 2853 1044 2915 extremi
1071 2855 1177 2917 essent
1204 2854 1239 2918 in

179 2960 359 3040 prospectu,
383 2959 504 3038 equites
527 2976 546 3020 a
569 2954 603 3032 Q.
622 2956 713 3020 Atrio
737 2957 777 3020 ad
800 2955 966 3021 Caesarem
986 2962 1159 3041 venerunt,
1182 2960 1239 3043 qui

180 3064 363 3127 nuntiarent
377 3065 539 3146 superiore
558 3068 649 3127 nocte
668 3063 808 3126 maxima
822 3069 928 3127 coorta
942 3068 1127 3148 tempestate
1140 3085 1239 3150 prope

181 3187 290 3233 omnes
317 3188 414 3233 naves
442 3168 584 3232 adflictas
611 3174 705 3251 etque
734 3168 768 3230 in
795 3167 871 3232 litus
897 3169 1014 3236 eiectas
1043 3189 1124 3252 esse,
1152 3171 1238 3253 quod

179 3292 285 3357 neque
307 3293 440 3339 ancorae
462 3273 619 3357 funesque
643 3274 836 3337 sustinerent
858 3293 964 3357 neque
986 3283 1100 3341 nautae
1123 3277 1237 3362 guber-

153 3386 370 3465 enatoresque
389 3381 452 3444 vim
469 3381 661 3464 tempestatis
675 3382 739 3462 pati
754 3385 894 3463 possent3
919 3381 1028 3464 itaque
1045 3401 1087 3446 ex
1106 3402 1143 3447 eo
1162 3401 1236 3446 con-

128 3501 163 3555 11
181 3503 276 3552 cursu
297 3488 428 3551 navium
452 3507 603 3570 magnum
623 3504 692 3550 esse
712 3483 948 3548 incommodum
966 3491 1137 3571 acceptum.
1172 3484 1233 3547 His

180 3591 276 3657 rebus
298 3594 433 3678 cognitis
457 3591 573 3658 Caesar
596 3592 736 3675 legiones
759 3592 1001 3675 equitatumque
1027 3588 1166 3656 revocari
1188 3591 1234 3652 at·

182 3714 244 3779 que
269 3699 306 3762 in
327 3699 440 3763 itinere
467 3701 611 3763 resistere
638 3695 740 3775 iubet,
767 3695 834 3779 ipse
861 3696 902 3760 ad
928 3716 1025 3761 naves
1051 3693 1233 3777 revertitur3

154 3801 290 3867 academ
303 3802 381 3886 iere,
397 3821 480 3885 quae
495 3820 537 3867 er
551 3804 673 3868 nuntiis
689 3801 887 3888 [litterisque]
904 3801 1105 3885 cognoverat,
1127 3816 1234 3864 coram
