2738 4424
185 265 226 329 72
580 280 844 338 smmemmor

183 441 307 506 institui
329 447 459 526 coeptus
481 446 541 526 est,
563 441 638 526 fuga
661 447 840 527 comparata
861 443 1061 509 hortantibus
1083 442 1138 524 iis,
1161 461 1243 526 quos

183 565 225 612 ex
246 547 406 614 Tencteris
429 553 524 632 atque
547 546 733 633 Usipetibus
760 550 845 633 apud
867 567 902 614 se
923 550 1095 632 habebant,
1121 547 1243 612 finibus

183 654 250 718 suis
281 658 483 719 excesserant
513 673 636 737 suaque
667 655 775 720 omnia
805 659 1051 739 exportaverant
1081 672 1179 736 seque
1206 654 1242 717 in

129 765 166 822 1⁹
183 759 389 825 solitudinem
411 779 448 825 ac
470 760 567 825 silvas
590 759 783 826 abdiderant
830 760 945 826 Caesar
967 779 1085 845 paucos
1113 760 1180 825 dies
1205 759 1242 822 in

183 885 294 932 eorum
314 864 434 931 finibus
456 871 596 932 moratus
619 866 767 932 omnibus
790 867 870 932 vicis
893 865 1109 949 aedificiisque
1131 865 1242 930 ineen-

182 969 228 1036 sis
258 972 490 1055 frumentisque
522 973 653 1038 succisis
684 991 719 1038 se
751 973 787 1036 in
820 971 900 1038 fines
932 971 1091 1037 Ubiorum
1121 971 1242 1054 recepit

183 1083 280 1161 atque
301 1079 351 1143 his
374 1079 531 1143 auxilium
553 1097 648 1142 suum
675 1079 847 1163 pollicitus,
875 1079 903 1142 si
930 1098 950 1142 a
976 1076 1092 1143 Suebis
1117 1093 1241 1160 preme-

155 1188 305 1267 nrentur,
337 1184 415 1250 haec
447 1183 487 1248 ab
519 1184 558 1248 iis
592 1185 754 1268 cognovit:
787 1182 922 1268 Suebos,
952 1188 1158 1268 posteaquam
1184 1201 1243 1267 per

182 1289 397 1374 exploratores
418 1295 549 1374 pontem
570 1290 640 1356 fieri
661 1291 901 1374 comperissent,
923 1309 1012 1355 more
1030 1308 1088 1353 sue
1104 1287 1240 1353 concilio

182 1394 289 1458 habito
312 1396 442 1460 nuntios
464 1397 501 1460 in
522 1413 633 1460 omnes
654 1400 760 1480 partes
783 1396 955 1478 dimisisse,
982 1395 1032 1460 uh‘
1055 1394 1093 1459 do
1116 1394 1241 1478 oppidis

182 1499 407 1585 demigrarent,
429 1501 559 1584 liberos,
585 1520 704 1566 uxores
726 1520 847 1584 suaque
874 1502 982 1566 omnia
1007 1501 1043 1565 in
1069 1500 1159 1564 silvis
1186 1498 1241 1564 de-

182 1611 336 1690 ponerent
357 1611 452 1688 atque
476 1626 598 1690 omnes,
622 1607 678 1691 qui
700 1626 789 1671 arma
809 1607 891 1672 ferre
913 1611 1054 1692 possent,
1080 1625 1183 1670 unum
1204 1606 1240 1669 in

154 1711 288 1777 alocum
319 1713 533 1778 convenirent
590 1713 677 1777 hunc
709 1731 777 1777 esse
809 1713 966 1778 delectum
1001 1712 1144 1778 medium
1173 1711 1240 1776 iere

181 1818 349 1901 regionum
371 1839 495 1903 01111111,
517 1839 598 1903 quas
620 1818 717 1885 Suebi
740 1819 932 1901 obtinerent,
955 1818 1008 1882 hic
1021 1817 1240 1883 Romanorum

182 1925 356 1990 adventum
379 1931 546 2010 expectare
572 1930 668 2010 atque
693 1924 813 1991 ibidem
840 1911 1001 1990 decertare
1028 1922 1240 1988 constituisse.

153 2031 269 2114 equod
299 2031 357 2096 ubi
383 2029 496 2097 Caesar
523 2032 688 2116 comperit,
716 2030 864 2111 omnibus
889 2031 930 2095 iis
956 2028 1053 2095 rebus
1079 2027 1240 2112 confectis,

181 2156 318 2220 quarum
348 2156 457 2202 rerum
488 2157 583 2202 causa
613 2137 777 2202 traducere
809 2137 987 2201 exercitum
1024 2135 1239 2217 constituerat,

179 2246 218 2306 ut
240 2241 406 2308 Germanis
428 2249 549 2308 metum
571 2244 716 2326 iniceret,
745 2247 783 2307 ut
804 2240 996 2326 Sugambros
1023 2239 1239 2322 ulcisceretm,

180 2353 218 2413 nt
238 2349 340 2414 Ubios
363 2349 526 2414 obsidione
547 2349 708 2433 liberaret,
732 2348 844 2412 diebus
867 2348 997 2412 omnino
1012 2344 1129 2412 XVIII
1151 2349 1239 2410 tram

179 2452 329 2518 Rhenum
351 2455 544 2538 consumptis
567 2456 644 2519 satis
671 2459 703 2519 et
724 2453 765 2518 ad
791 2453 918 2518 laudem
945 2458 977 2517 et
1003 2451 1044 2515 ad
1070 2451 1239 2515 utilitatem

180 2560 356 2643 profectum
386 2559 555 2624 arbitratus
592 2579 626 2624 se
659 2561 694 2624 in
726 2558 862 2624 Galliam
896 2559 1016 2643 recepit
1045 2561 1239 2643 pontemque

180 2664 316 2728 rescidit

127 2783 164 2840 10
268 2769 395 2855 llxigua
417 2774 505 2856 parte
520 2770 647 2835 aestatis
669 2770 793 2852 rehqua
813 2768 929 2835 Caesar
961 2769 1021 2834 etsi
1034 2769 1071 2833 in
1085 2768 1135 2832 his
1149 2768 1238 2852 locis,

182 2875 268 2958 quod
291 2876 392 2940 omnis
416 2875 518 2940 Gallia
540 2875 581 2940 ad
603 2877 831 2961 septentriones
856 2874 971 2959 vergit,
998 2879 1141 2939 maturae
1163 2879 1239 2939 sunt

180 2981 312 3065 hiemes,
345 2986 449 3046 10111011
480 2983 515 3045 in
541 2981 739 3046 Britanniam
765 2980 924 3066 proficisci
949 2979 1124 3062 contendit,
1152 2979 1238 3063 quod

182 3087 330 3153 omnibus
350 3088 416 3152 fere
439 3087 567 3152 Gallicis
589 3087 682 3152 bellis
704 3086 849 3152 hostibus
870 3085 988 3150 nostris
1013 3084 1090 3150 inde
1117 3085 1237 3150 submi·

154 3196 313 3262 1111111110
335 3195 454 3259 auxilia
468 3194 672 3278 intellegebat
693 3198 737 3278 et,
760 3194 788 3257 si
803 3198 929 3276 tempus
945 3190 1044 3277 [anni]
1061 3191 1102 3255 ad
1117 3190 1237 3256 bellum

180 3301 357 3386 gerendum
378 3300 536 3384 deficeret,
559 3305 665 3365 tamen
688 3318 803 3384 magno
826 3297 889 3363 sibi
910 3298 985 3362 usui
1011 3298 1078 3362 fore
1105 3297 1238 3361 arbitre-

181 3407 286 3492 batur,
308 3408 452 3472 simodo
475 3405 613 3470 insulam
635 3406 764 3486 adisset,
790 3423 892 3489 genus
918 3405 1085 3469 hominum
1111 3421 1237 3487 perspe-

181 3514 292 3598 xisset,
315 3514 397 3597 loca,
420 3517 542 3596 portus,
565 3511 670 3577 aditus
692 3511 905 3595 cognovisset;
933 3528 1016 3594 quae
1043 3508 1236 3572 omniafere

154 3617 281 3687 aGallis
304 3623 394 3684 erant
414 3618 583 3702 incognita.
629 3636 733 3701 neque
760 3618 847 3682 enim
870 3621 988 3681 temere
1010 3618 1132 3700 praeter
1154 3631 1236 3676 mer-

182 3729 304 3790 catores
334 3724 389 3789 illo
423 3724 489 3788 adit
524 3724 705 3807 quisquam,
736 3742 841 3807 neque
874 3723 925 3787 his
955 3721 1032 3806 ipsis
1064 3719 1237 3803 quiequam

179 3834 305 3915 praeter
332 3848 419 3893 oram
445 3831 635 3894 maritimam
662 3833 758 3911 atque
788 3848 841 3894 eas
867 3829 1027 3912 reglones,
1055 3827 1237 3907 quaesunt

156 3940 293 4005 econtra
315 3933 445 4016 Gallias,
466 3938 580 3999 notum
602 3938 657 4000 est
702 3935 809 4017 itaque
831 3934 951 4000 vocatis
972 3932 1014 3997 ad
1035 3950 1070 3998 se
1091 3929 1236 4014 undique
