2738 4424
188 242 251 306 106
576 252 682 308 uum
699 252 841 309 GALLIOI

132 429 168 480 51
188 415 309 494 Quibus
344 395 492 481 omnibus
522 414 619 481 rebus
649 415 755 479 hostes
786 414 913 479 invitati
940 414 1045 499 copias
1075 413 1247 479 traducunt

158 522 351 605 rociemque
373 523 484 605 iniquo
506 521 576 586 loco
599 521 809 603 constituunt,
835 520 952 586 nostris
978 538 1055 585 vero
1083 521 1178 586 etiam
1205 521 1246 586 de

188 629 271 694 vallo
294 628 438 694 deductis
460 628 590 712 propius
613 627 770 692 accedunt
791 631 822 691 et
843 627 905 691 tela
928 626 1012 690 intra
1033 627 1246 691 munitionem

156 753 230 804 sex
245 735 393 800 omnibus
411 733 552 819 partibus
570 733 710 798 coiciunt
724 732 998 816 praeconibusque
1017 733 1246 798 circummissis

187 841 388 925 pronuntiari
417 839 542 924 iubent,
574 857 632 903 seu
660 838 731 921 quis
759 838 868 903 Gallus
895 857 952 903 seu
978 838 1141 904 Romanus
1168 840 1247 905 velit

188 952 261 1011 ante
283 946 393 1011 horam
415 945 540 1010 tertiam
567 945 608 1008 ad
634 962 669 1009 se
691 945 840 1029 transire,
867 945 937 1010 sine
963 945 1106 1029 periculo
1132 945 1244 1029 licere3

157 1057 258 1137 epost
278 1052 313 1116 id
334 1056 458 1135 tempus
479 1070 545 1116 nou
566 1051 633 1116 fore
654 1053 849 1135 potestatem
894 1070 932 1115 sc
954 1051 1000 1114 sic
1021 1056 1147 1115 nostros
1169 1071 1247 1117 con·

186 1162 394 1244 tempserunt,
417 1162 454 1222 ut
476 1156 646 1221 obstructis
667 1156 703 1220 in
724 1157 862 1240 speciem
883 1156 981 1240 portis
1003 1157 1139 1240 singulis
1162 1159 1247 1223 ordi·

186 1263 283 1328 nibus
306 1264 493 1347 caespitum,
517 1262 602 1345 quod
626 1280 663 1326 ea
685 1280 752 1325 non
777 1280 870 1346 posse
896 1263 1129 1346 intrommpere
1157 1264 1246 1329 ride·

186 1369 316 1452 bantur,
343 1369 399 1432 alii
420 1368 540 1433 vallum
567 1386 666 1432 manu
693 1366 851 1451 scindere,
879 1367 935 1431 alii
960 1367 1061 1432 fossas
1087 1370 1246 1453 complere

157 1475 372 1559 einciperent
421 1479 490 1539 tum
518 1472 634 1538 Caesar
661 1473 811 1537 omnibus
836 1474 935 1560 portis
967 1474 1131 1558 eruptione
1162 1476 1246 1541 facta

186 1581 395 1664 equitatuque
417 1579 532 1645 emisso
555 1578 702 1643 celeriter
723 1579 829 1644 hostes
851 1580 886 1643 in
907 1580 1017 1663 fugam
1039 1580 1105 1664 dat,
1127 1581 1173 1646 sic
1195 1582 1245 1646 uti

186 1686 316 1750 omnino
338 1685 503 1771 pugnandi
530 1704 626 1750 causa
646 1687 806 1750 resisteret
827 1703 933 1770 nemo,
960 1705 1175 1771 magnumque
1203 1706 1246 1753 ex

184 1792 225 1857 iis
246 1810 418 1857 numerum
441 1791 556 1856 occidit
578 1794 673 1874 atque
697 1809 807 1855 omnes
829 1791 924 1856 annis
947 1793 1044 1857 exuit

127 1919 167 1974 ω
272 1897 414 1984 Longius
435 1897 586 1983 prosequi
603 1897 737 1980 veritus,
761 1896 847 1981 quod
865 1897 963 1963 silvae
980 1899 1175 1983 paludesque
1194 1899 1244 1964 in·

184 2004 388 2071 tercedebant
402 2004 518 2090 [neque
537 2005 632 2069 etiarn
646 2003 779 2088 parrulc
794 2004 981 2069 detrimento
995 2005 1122 2069 illorum
1135 2005 1242 2070 locum

184 2110 325 2193 relinqui
351 2108 505 2195 videbat]‚
537 2109 686 2174 omnibus
717 2110 784 2174 suis
810 2109 1024 2175 incolumibus
1051 2111 1162 2176 eodem
1189 2111 1241 2177 die

156 2216 224 2285 aad
247 2215 432 2282 ciceronem
454 2216 606 2300 pervenit
652 2217 813 2280 institutas
835 2220 951 2298 turres,
973 2217 1147 2282 testudines
1169 2236 1241 2281 mu·

183 2322 384 2405 uitionesque
401 2322 543 2386 hostium
562 2321 747 2403 admiratum
767 2321 920 2405 producta
936 2321 1061 2406 legIoue
1079 2323 1242 2408 cognoscit

183 2446 249 2491 non
271 2428 430 2492 decimum
454 2446 623 2512 quemque>
640 2445 708 2492 esse
732 2427 892 2509 reliquum
914 2428 1049 2493 militem
1075 2429 1146 2495 sine
1170 2429 1241 2494 vul·

153 2551 274 2614 enere;
298 2552 340 2598 ex
362 2534 412 2597 his
436 2533 584 2597 omnibus
602 2533 722 2597 iudicat
738 2533 847 2616 rebus,
872 2539 988 2616 quanto
1008 2555 1082 2599 cum
1098 2535 1240 2620 periculo

154 2642 216 2707 ret
239 2643 357 2721 quanta
378 2637 495 2704 virtute
517 2657 569 2703 res
595 2639 659 2702 sint
686 2638 927 2704 administratae.
973 2640 1160 2706 Ciceronem
1183 2661 1240 2726 pro

184 2744 254 2808 eius
276 2743 389 2808 merito
411 2742 635 2827 legionemque
657 2743 838 2827 conlaudat,
868 2746 1071 2812 centuriones
1098 2749 1240 2834 singilla-

182 2849 240 2914 tim
258 2849 466 2931 tribunosque
484 2849 624 2912 militum
642 2849 788 2935 appellat,
813 2869 949 2933 quorum
967 2855 1125 2938 egregiam
1142 2854 1240 2920 fuisse

181 2955 333 3020 virtutem
354 2955 533 3020 testimonio
558 2953 717 3020 Ciceronis
740 2962 937 3040 cognoverat
974 2959 1013 3024 de
1032 2979 1107 3024 casu
1130 2959 1241 3025 Sabini

154 3066 214 3132 eet
236 3060 344 3127 Cottae
367 3061 484 3126 certius
507 3080 549 3126 ex
571 3062 705 3146 captivis
728 3064 896 3146 cognoscit
941 3069 1066 3148 postero
1090 3065 1142 3132 die
1165 3086 1240 3132 con·

182 3168 268 3233 tione
295 3167 403 3234 habita
428 3186 497 3233 rem
523 3172 643 3252 gestam
670 3169 829 3254 proponit,
855 3169 973 3234 militas
1001 3172 1182 3237 consolatur
1209 3178 1241 3239 et

153 3273 360 3356 econfirmat3
396 3273 481 3358 quod
509 3273 734 3339 detrimentum
761 3275 854 3359 culpa
880 3279 913 3340 et
938 3278 1112 3342 temeritate
1144 3279 1240 3362 legati

183 3379 226 3445 sit
248 3386 423 3465 acceptum,
446 3380 507 3444 hoc
529 3380 678 3462 aequiore
702 3381 808 3444 animo
832 3381 1002 3447 femndum
1025 3383 1129 3466 docet,
1154 3385 1239 3468 quod

182 3483 336 3551 beneficio
360 3485 491 3550 deorum
517 3485 744 3549 immortalium
772 3491 804 3552 et
830 3487 947 3551 virtute
975 3507 1085 3553 eorum
1112 3491 1238 3574 expiato

183 3591 382 3656 incommodo
414 3610 520 3675 neque
551 3591 695 3656 hostibus
727 3591 850 3655 diutina
880 3593 1001 3658 laetitia
1029 3614 1135 3679 neque
1162 3597 1239 3680 ipsis

182 3695 309 3780 longior
330 3696 420 3760 dolor
439 3697 648 3779 relinquatur.

146 3822 184 3877 53
271 3801 405 3866 Interim
432 3801 472 3865 ad
493 3789 670 3868 Labienum
695 3822 754 3890 per
779 3803 896 3869 Remos
921 3806 1100 3871 incredibili
1128 3809 1239 3874 celeri·

182 3909 248 3972 tate
270 3907 311 3972 de
332 3908 465 3972 victoria
487 3907 628 3974 Caesaris
649 3909 733 3973 fama
757 3910 926 3995 perfertur,
953 3916 1001 3997 ut,
1029 3932 1102 3977 cum
1129 3915 1168 3980 ab
1192 3916 1240 3981 hi-
