2738 4424
157 213 179 276 4
531 309 537 319 .
554 228 659 284 enm
676 227 818 283 elnuol

157 386 273 452 itinera
291 386 367 472 duo,
391 388 508 471 quibus
531 387 698 453 itineribus
721 384 814 452 dom'o
838 389 926 452 exire
948 392 1089 471 possent:
1114 406 1217 450 unum

157 510 215 577 per
240 490 416 579 Sequanos,
448 498 619 579 angustum
649 499 680 558 et
712 493 852 576 difficile,
884 494 966 559 inter
996 497 1137 557 montem
1163 493 1217 557 Iu·

157 617 226 662 ram
253 603 286 664 et
311 598 432 665 flumen
457 599 660 682 Rhodanum,
692 601 748 663 vix
777 617 840 681 qua
866 599 986 682 singuli
1013 599 1094 663 carri
1122 599 1217 662 duce-

158 709 282 788 rentur,
319 724 412 770 mons
450 709 557 770 autem
592 705 763 770 altissimus
799 705 1015 788 impendebat,
1054 709 1091 768 ut
1124 704 1216 768 facile

132 811 308 895 rperpauci
334 810 500 894 probibere
527 815 669 894 possent3
697 811 832 876 altorum
857 829 915 895 per
940 811 1137 894 provinciam
1158 828 1217 873 no·

158 920 267 998 stram,
297 916 398 980 multo
428 916 552 981 facilius
584 921 679 999 atque
711 917 902 1000 expeditius,
933 920 1100 1000 propterea
1131 915 1217 998 quod

157 1022 241 1086 inter
262 1020 343 1086 fines
365 1021 585 1087 Helvetiorum
610 1026 643 1087 et
663 1022 886 1106 Allobrogum,
914 1022 969 1104 qui
990 1040 1094 1105 nuper
1115 1021 1217 1104 pacati

158 1132 261 1212 erant,
283 1127 456 1193 Rhodanus
476 1127 652 1212 finitisque
667 1147 735 1192 non
752 1129 851 1193 nullis
865 1128 944 1192 locis
958 1127 1041 1191 vado
1056 1128 1216 1191 transitu.

132 1238 337 1299 sexbemum
360 1234 510 1317 oppidum
532 1234 743 1318 Allobrogum
765 1239 813 1298 est
834 1234 1079 1317 proximumque
1099 1231 1217 1297 Helve-

158 1340 276 1404 tiorum
297 1337 415 1403 finibus
438 1339 574 1404 Genava
619 1359 662 1406 ex
689 1359 725 1405 eo
749 1341 864 1424 oppido
888 1358 969 1424 pons
991 1339 1032 1404 ad
1053 1338 1217 1403 Helvetios

157 1446 302 1530 pertinet
351 1445 577 1529 Allobrogibus
605 1464 673 1511 sese
701 1445 753 1511 vel
779 1464 997 1530 persuasuroS,
1026 1445 1111 1528 quod
1137 1462 1218 1509 non-

160 1552 236 1615 dum
258 1551 343 1614 bono
367 1551 472 1615 animo
495 1552 529 1615 in
551 1552 706 1635 populum
727 1550 907 1615 Romanum
929 1551 1127 1634 viderentur,
1150 1551 1219 1614 exi-

158 1657 329 1721 stimabant
358 1656 411 1720 vel
445 1658 478 1720 vi
514 1661 689 1740 coacturos,
721 1662 758 1721 ut
787 1676 845 1741 per
876 1676 950 1721 suos
980 1655 1061 1721 fines
1091 1674 1145 1721 eos
1172 1656 1218 1721 ire

133 1767 349 1846 spaterentur.
400 1761 547 1827 omnibus
580 1763 676 1827 rebus
709 1763 749 1826 ad
780 1764 1006 1846 protectionem
1033 1762 1219 1845 comparatis

160 1869 244 1933 diem
265 1868 386 1951 dicum,
410 1886 474 1950 qua
492 1869 543 1932 die
562 1869 603 1932 ad
617 1869 719 1952 ripam
733 1868 879 1933 Rhodani
895 1887 1004 1934 omnes
1020 1869 1218 1934 conveniant.

159 1974 187 2038 is
219 1974 286 2038 dies
318 1978 385 2038 erat
416 1993 443 2038 a.
472 1973 500 2038 d.
528 1973 567 2038 V.
595 1972 664 2037 Kal.
692 1974 768 2058 Apr.
796 1973 830 2038 L.
853 1974 984 2058 Pisone,
1021 1973 1061 2037 A.
1085 1972 1219 2037 Gabinio

161 2079 353 2144 oonsulibus.
621 2105 624 2112 ·

126 2192 142 2247 t
249 2184 376 2249 Caesari
398 2203 471 2248 curn
494 2186 526 2249 id
548 2187 731 2250 nuntiatum
753 2191 849 2270 esset,
872 2204 926 2251 eos
948 2203 1005 2268 per
1024 2184 1220 2268 provinciam

159 2295 299 2356 nostram
325 2291 386 2355 iter
407 2292 510 2356 faeere
534 2294 655 2374 conari,
681 2296 819 2356 maturat
841 2291 880 2356 ab
904 2290 983 2355 urbe
1005 2288 1161 2374 proficisci
1188 2295 1220 2354 et

161 2416 256 2480 quam
286 2399 435 2461 maximis
466 2402 569 2481 potest
599 2399 767 2463 itineribus
800 2399 836 2462 in
869 2396 1003 2461 Galbam
1036 2396 1220 2461 ulteriorem

133 2503 322 2568 acontondit
344 2510 376 2567 et
398 2503 438 2566 ad
461 2503 623 2568 Genavam
644 2504 799 2587 pervenit
839 2503 1021 2587 provinciae
1043 2503 1102 2566 toti
1124 2522 1219 2585 quarn

160 2609 335 2672 maximum
349 2613 453 2692 potest
466 2609 606 2673 militum
620 2627 790 2674 numerum
804 2610 950 2693 imperat,
974 2646 1016 2656 -
1037 2613 1104 2673 erat
1119 2609 1219 2671 omni·

160 2733 203 2778 no
225 2714 261 2776 in
277 2712 380 2777 Gallia
401 2715 551 2780 ulteriore
573 2714 656 2799 legio
680 2734 758 2799 una,
781 2751 823 2762 -
846 2719 988 2798 pontem,
1012 2715 1067 2796 qui
1090 2718 1158 2778 erat
1180 2713 1219 2777 ad

134 2818 337 2904 odenatum,
365 2820 453 2886 iubet
478 2821 624 2885 rescindi.
669 2821 726 2885 ubi
753 2821 793 2886 de
820 2821 889 2885 eius
917 2821 1056 2885 adventu
1079 2819 1220 2884 Helvetii

161 2927 310 2991 certiores
336 2927 411 2990 iacti
433 2931 520 3011 sunt,
547 2927 667 3012 legatos
694 2927 735 2990 ad
757 2947 831 2992 omn
853 2928 984 2991 mittrmt
1005 2925 1220 2990 nobilissimos

162 3032 309 3114 civitatis,
333 3033 424 3096 cuius
447 3032 614 3115 legationis
633 3032 819 3097 Nammeius
840 3036 872 3098 et
890 3027 1113 3119 Verucloetius
1132 3032 1219 3114 prin-

162 3139 265 3222 cipem
286 3138 392 3202 locum
415 3137 611 3222 obtinebant,
639 3139 694 3220 qui
717 3139 858 3203 dicerent
879 3137 941 3202 sibi
963 3157 1032 3203 esse
1054 3139 1090 3201 in
1113 3138 1219 3202 animo

162 3245 231 3309 sinc
257 3244 323 3308 ullo
350 3242 504 3308 maleficio
532 3244 593 3308 iter
618 3263 675 3328 per
696 3245 892 3327 provinciam
913 3243 1029 3327 iacere,
1055 3248 1220 3328 propterea

164 3351 250 3432 quod
275 3351 362 3414 aliud
383 3350 444 3413 iter
465 3349 619 3415 haberent
641 3350 779 3414 nullum:
807 3368 931 3434 rogare,
958 3355 995 3413 ut
1017 3351 1085 3414 eius
1108 3351 1220 3413 volun-

138 3459 226 3520 rtate
258 3456 291 3519 id
321 3455 383 3519 sibi
408 3456 509 3521 facere
536 3455 637 3521 liceat
687 3455 814 3540 Caesar,
842 3457 928 3538 quod
953 3457 1106 3521 memoria
1132 3461 1220 3519 tene-

164 3560 217 3625 bat
244 3560 277 3624 L.
302 3559 444 3624 Cassium
471 3561 633 3626 consulem
660 3563 799 3626 occisum
822 3563 1060 3644 exercitumque
1084 3562 1152 3625 eius
1179 3560 1218 3623 ab

164 3666 319 3731 Helvetiis
352 3667 480 3750 pulsum
511 3672 543 3731 et
573 3667 632 3732 sub
664 3668 776 3752 iugum
801 3669 947 3751 missurn,
981 3667 1218 3731 concedendum

139 3790 230 3837 anon
258 3772 401 3856 putabat3
433 3791 539 3856 neque
565 3773 709 3839 bomines
735 3774 864 3838 inimico
892 3774 997 3836 animo
1025 3773 1097 3836 data
1122 3771 1220 3834 facul-

165 3883 228 3944 tate
261 3897 319 3963 per
351 3880 547 3963 provinciam
579 3881 701 3946 itineris
738 3879 879 3943 faciundi
915 3882 1142 3962 temperaturos
1180 3877 1219 3941 ab
