2738 4424
458 295 566 351 LIBER
582 295 632 351 ΠΙ.
652 295 727 352 OAP.
746 297 842 352 7-10.
1137 282 1178 345 53

127 456 300 540 Oceanum,
321 457 457 540 remiges
480 475 522 520 ex
543 455 706 540 provincia
728 455 864 539 institui,
889 459 1002 519 nautas
1024 454 1180 538 guberna

125 571 272 646 torosque
294 561 468 645 comparari
489 560 585 625 iubet
608 561 659 625 his
680 560 777 625 rebus
792 561 934 625 celeriter
955 560 1207 627 administratisr

125 669 207 751 ipse,
229 686 302 731 cum
324 668 462 751 primum
484 685 541 750 per
563 666 640 730 anni
662 670 787 750 tempus
809 666 924 750 potuit,
947 665 987 729 ad
1004 666 1180 730 exercitum

126 772 294 837 contendit.
338 772 454 837 Veneti
476 771 681 854 reliquaeque
702 773 779 837 item
801 773 943 836 civitates
962 771 1087 855 cognito
1104 769 1207 838 Cae-a

127 880 205 943 saris
232 877 385 959 adventu,
417 877 513 942 simul
540 877 640 959 quod,
672 881 826 958 quantum
852 877 889 942 in
915 896 950 942 se
975 877 1099 942 facinus
1125 877 1181 942 ad·

127 984 299 1066 misissent,
324 982 563 1067 intellegebant,
589 982 721 1066 legatos,
749 982 835 1066 quod
860 1001 979 1047 nomen
1004 982 1043 1045 ad
1071 1000 1180 1048 omnes

127 1090 271 1155 nationes
298 1094 443 1154 sanctum
469 1087 719 1171 inviolatumque
745 1106 869 1172 semper
894 1088 1017 1170 fuisset,
1042 1091 1179 1153 retentos

126 1194 165 1258 ab
188 1214 222 1260 se
249 1197 280 1259 et
306 1194 341 1258 in
368 1193 496 1258 vincula
523 1194 694 1276 coniectos,
720 1213 776 1277 pro
803 1194 1021 1278 magnitudine
1048 1193 1180 1277 periculi

126 1298 246 1365 bellum
267 1319 377 1383 parare
400 1303 431 1363 et
451 1299 590 1364 maxime
613 1317 662 1382 ea,
685 1317 767 1382 quae
789 1299 830 1363 ad
847 1319 942 1363 usum
957 1300 1089 1362 navium
1110 1317 1180 1382 per·

126 1407 240 1490 tinent,
263 1406 430 1490 providere
452 1405 637 1489 instituunt,
664 1405 724 1468 hoc
750 1405 867 1470 maiore
894 1423 962 1489 spe,
990 1405 1075 1488 quod
1097 1403 1180 1468 mul-

126 1514 195 1575 tum
214 1515 329 1574 natura
350 1510 414 1574 loci
430 1508 638 1575 confidebant
681 1511 839 1594 pedestria
861 1528 929 1574 esse
944 1511 1060 1575 itinera
1074 1509 1206 1574 conci-c

126 1635 161 1681 sa
176 1616 355 1700 aestuariis,
377 1616 611 1700 navigationem
633 1615 818 1699 impeditam
839 1622 966 1700 propter
982 1617 1179 1680 inscientiam

125 1722 267 1786 locorum
293 1722 547 1805 paucitatemque
572 1727 724 1805 portuum
745 1721 899 1804 sciebant,
925 1739 1030 1805 neque
1055 1727 1206 1786 nostroso

127 1827 284 1890 exercitus
306 1831 433 1910 propter
453 1827 606 1891 frumenti
623 1828 763 1910 inopiam
779 1827 899 1890 diutius
914 1826 999 1910 apud
1014 1845 1048 1891 se
1062 1827 1180 1891 morari

126 1949 217 2014 posse
236 1931 449 2014 confidebant3
474 1951 510 1996 ac
532 1933 596 1996 iam
618 1936 656 1997 ut
672 1933 778 1997 omnia
795 1936 906 1996 eontra
928 1932 1109 2014 opinionem
1129 1949 1205 1995 aec

126 2037 276 2119 ciderent,
299 2041 405 2102 tamen
427 2056 462 2102 se
479 2037 653 2122 plurimum
667 2037 804 2102 naribus
817 2055 921 2121 posse,
943 2037 1102 2101 Romanos
1124 2055 1179 2102 ne-

126 2162 187 2225 que
209 2143 309 2207 ullam
327 2143 509 2208 facultatem
531 2142 647 2208 habere
670 2143 813 2225 narium,
835 2160 941 2225 neque
963 2160 1073 2206 eorum
1094 2141 1180 2206 loco·

124 2268 208 2333 rum,
238 2248 295 2312 ubi
326 2248 447 2313 bellum
476 2248 595 2333 gesturi
626 2253 744 2330 essent,
775 2247 869 2331 rada,
899 2251 1023 2331 portus,
1055 2247 1176 2312 insulas

123 2355 262 2436 norisse;
295 2373 332 2418 ac
361 2355 456 2438 longe
487 2353 581 2417 aliam
612 2371 681 2418 esse
707 2354 940 2437 navigationem
965 2353 999 2415 in
1025 2352 1202 2418 ocnclusor

123 2462 203 2524 mari
229 2464 336 2543 atque
351 2461 386 2525 in
412 2459 591 2524 vastissimo
618 2464 712 2542 atque
739 2459 933 2542 apertissimo
957 2455 1082 2523 Oceano
1104 2475 1175 2542 per·

123 2565 304 2650 spieicbaut
349 2565 399 2628 his
423 2566 510 2630 initis
533 2565 673 2630 consiliis
695 2564 810 2648 oppida
830 2565 992 2646 muniunt,
1017 2563 1201 2628 frumentea

123 2690 165 2737 ex
179 2672 263 2756 agris
277 2673 311 2734 in
327 2671 441 2754 oppida
456 2674 661 2754 comportant,
675 2689 773 2735 nares
787 2670 822 2735 in
835 2669 1012 2754 Venetiam,
1027 2668 1084 2733 ubi
1099 2666 1201 2734 Cae-a

122 2796 224 2841 sarem
254 2777 394 2860 primum
426 2774 544 2841 bellum
575 2781 737 2860 gesturum
769 2775 944 2858 constabat,
978 2794 1074 2858 quam
1104 2774 1175 2858 plu·

122 2884 218 2948 rimas
240 2885 384 2967 possunt,
407 2886 532 2966 cogunt
569 2883 671 2946 socios
693 2881 753 2946 eibi
776 2881 816 2945 ad
838 2882 871 2945 id
890 2881 1009 2947 bellum
1026 2879 1174 2965 Osismos,
1187 2898 1215 2943 10

122 2987 293 3070 Lexouios,
332 2986 517 3073 Namnetes,
558 2988 761 3070 Ambiliatos,
795 2987 949 3072 Morinos,
989 2984 1175 3071 Diablintes,

123 3092 286 3176 Menapios
312 3093 505 3175 adsciscunt3
538 3093 658 3157 auxilia
684 3114 726 3159 ex
747 3093 926 3177 Britannia,
958 3111 1039 3175 quae
1066 3098 1176 3157 conba

123 3217 176 3263 eas
198 3198 343 3281 regiones
364 3200 465 3281 posita
487 3202 547 3282 eet,
570 3203 740 3264 arcessunt

210 3301 309 3367 Erant
346 3304 404 3368 hae
441 3303 640 3368 difficultates
676 3303 751 3369 balli
788 3303 932 3387 gerendi,
969 3322 1047 3386 quas
1080 3322 1176 3386 supra
1192 3311 1228 3368 1⁰

126 3406 334 3491 ostendimus,
368 3408 424 3473 sed
455 3413 561 3474 tamen
591 3409 693 3473 multa
724 3408 888 3474 Caesarem
921 3408 961 3474 ad
991 3409 1025 3472 id
1055 3408 1175 3474 bellum

124 3512 310 3577 incitabant:
333 3514 450 3578 iniuria
476 3518 669 3579 retentorum
698 3517 841 3598 equitum
871 3515 1100 3598 Romanorum,
1126 3531 1202 3580 rea

125 3619 220 3684 bellic
256 3617 338 3682 facta
371 3625 443 3704 post
480 3619 683 3703 deditionem,
722 3620 853 3685 defectio
888 3621 969 3685 datis
1003 3619 1175 3705 obsidibus,

125 3727 172 3789 tot
189 3724 351 3788 civitatum
366 3725 553 3808 coniuratio,
575 3726 607 3788 iu
631 3726 753 3809 primia,
775 3745 817 3791 ne
839 3726 898 3790 hac
922 3731 1010 3810 parte
1032 3727 1176 3810 neglecta

124 3828 267 3912 reliquae
301 3831 444 3896 nationes
478 3829 537 3896 sibi
575 3831 658 3896 idam
700 3832 794 3896 licere
830 3830 1064 3896 arbitrarentur.
1118 3833 1202 3894 ita-e

126 3954 188 4018 que
211 3953 284 3998 cum
306 3934 503 4018 intellegeret
525 3955 634 4002 omnes
662 3937 725 4002 iere
749 3930 855 4002 Gallos
877 3937 969 4002 novis
992 3936 1087 4029 rebus
1109 3944 1175 4000 stu·
