2738 4424
465 313 571 367 LIBER
588 312 609 367 1.
629 312 705 368 onP.
725 313 841 366 31-34.
1140 299 1179 362 19

128 495 233 559 neque
256 476 355 538 ullam
373 475 502 538 omnino
526 493 635 538 vocem
654 474 832 556 exprimere
849 478 966 556 posset,
989 474 1074 538 idem
1092 472 1182 538 Divi-

130 583 234 646 ciacus
253 580 407 645 Haeduus
429 579 604 663 respondit:
628 579 688 642 hoo
706 597 773 643 esse
792 578 988 642 miseriorem
1011 583 1041 643 et
1060 581 1209 663 gravio-r

129 707 197 751 rem
224 687 381 750 fortunam
405 683 625 767 Sequanorum
653 703 749 766 quam
774 684 983 767 reliquorum,
1010 685 1096 768 quod
1122 685 1181 749 soli

129 813 170 857 ne
197 793 233 856 in
260 792 383 857 occulto
417 791 546 873 quidem
573 790 664 872 queri
695 809 800 872 neque
832 791 988 854 auxilium
1015 791 1182 874 implorare

131 899 282 962 auderent
305 897 505 980 absentisque
528 895 682 960 Ariovisti
708 895 938 976 crudelitatem,
965 897 1052 960 velut
1078 897 1105 960 si
1131 917 1183 962 cc·

131 1024 199 1067 ram
232 1004 367 1084 adesset,
399 1002 575 1079 horrerent,
607 1005 770 1086 propterea
802 1001 888 1084 quod
918 1003 1049 1084 reliquis
1077 1009 1209 1072 tamena

130 1111 223 1194 fugae
241 1109 373 1174 facultas
393 1108 533 1188 daretur,
556 1104 711 1188 Seqtanis
728 1126 815 1188 vero,
836 1108 891 1190 qui
909 1109 991 1172 intra
1009 1108 1089 1173 fines
1108 1129 1183 1174 suos

131 1217 328 1279 Ariovistum
344 1214 549 1296 recepissent,
570 1231 707 1294 quorum
727 1213 841 1296 oppida
861 1215 967 1277 omnia
982 1214 1015 1277 in
1031 1219 1183 1298 potestate

133 1323 201 1386 eius
224 1325 340 1403 essent,
363 1338 472 1384 omnes
495 1319 652 1382 eruciatus
674 1324 779 1384 essent
800 1319 986 1403 perferendi.

220 1427 281 1491 His
296 1425 392 1491 rebus
407 1425 540 1509 cognitis
553 1424 667 1489 Caesar
676 1424 838 1489 Gallorum
854 1426 975 1490 animos
990 1426 1095 1490 verbis
1110 1447 1184 1492 con·
1200 1442 1237 1501 33

132 1533 270 1598 firmavit
295 1531 517 1616 pollicitusque
550 1535 597 1595 est
627 1530 687 1594 sibi
720 1549 789 1595 eam
815 1549 883 1594 rem
910 1550 1004 1595 curae
1030 1532 1182 1615 futuram3

133 1658 280 1723 magnam
306 1656 340 1701 se
367 1635 481 1699 habere
508 1655 596 1720 spem
621 1641 653 1701 et
678 1635 833 1700 beneficio
860 1656 918 1700 suo
941 1641 973 1701 et
1000 1641 1184 1704 auctoritate

134 1746 306 1808 adductum
327 1743 524 1806 Ariovistum
550 1740 647 1805 finem
675 1743 800 1806 iniuriis
826 1742 991 1807 facturum.
1037 1746 1095 1808 hac
1117 1764 1184 1809 ora-

134 1852 219 1915 tione
241 1849 347 1913 habita
372 1848 543 1912 concilium
570 1847 697 1937 dimisit
746 1852 778 1912 et
802 1849 976 1913 secundum
1003 1869 1041 1914 ea
1067 1851 1212 1918 multaez

132 1976 183 2020 res
207 1975 281 2020 eum
303 1952 524 2035 hortabantur,
548 1972 645 2036 quare
668 1952 729 2017 sibi
752 1973 820 2017 earn
843 1973 910 2017 rem
934 1956 1133 2039 cogitandam
1156 1963 1187 2022 et

133 2061 365 2144 suscipiendam
379 2064 515 2143 putaret,
537 2060 570 2122 in
586 2061 703 2142 primia,
720 2059 803 2142 quod
820 2058 971 2124 Haeduos
986 2061 1097 2126 fratres
1112 2082 1186 2127 con·

134 2168 387 2252 sanguineosque
409 2183 634 2250 saepenumero
662 2185 681 2229 a
702 2172 812 2228 senatu
838 2166 1007 2249 appellatos
1029 2168 1065 2231 in
1089 2169 1186 2234 servi·

133 2280 200 2339 tute
216 2278 311 2356 atque
325 2274 361 2337 in
376 2272 500 2336 dicione
514 2270 642 2335 ridebat
654 2269 882 2335 Germanorum
899 2274 999 2336 teneri
1013 2292 1186 2358 eorumque

134 2380 259 2444 obsides
286 2397 353 2442 esse
381 2376 465 2461 apud
491 2378 689 2442 Ariovistum
718 2397 754 2441 ao
782 2375 946 2460 Sequanos
971 2380 1185 2465 intellegebat3

135 2487 221 2571 quod
242 2487 277 2549 in
299 2488 386 2549 tanto
409 2483 542 2567 imperio
565 2483 673 2567 populi
687 2483 822 2547 Romani
842 2485 1058 2568 turpissimum
1081 2487 1188 2552 sibiet

134 2595 181 2657 rei
203 2591 347 2677 publicae
370 2609 439 2655 esse
462 2588 678 2653 arbitrabatur.
722 2590 875 2674 paulatim
894 2596 999 2655 autem
1015 2592 1214 2658 Germanosa

136 2716 339 2764 consuescere
353 2696 501 2761 Rhenum
515 2696 649 2760 transire
665 2701 696 2758 et
718 2697 750 2758 in
768 2696 901 2760 Galliam
917 2717 1063 2781 magnam
1079 2718 1186 2764 eorum

137 2803 372 2869 multitudinem
394 2802 505 2865 venire
527 2802 643 2885 populo
659 2801 800 2864 Romano
819 2804 1032 2885 periculosum
1053 2804 1188 2889 videbat,

137 2928 238 2993 neque
260 2908 323 2972 sibi
346 2909 488 2973 homines
510 2907 593 2972 feros
616 2927 652 2971 ac
675 2906 825 2972 barbaros
841 2913 1066 2992 temperaturos
1081 2912 1216 2975 existi-r

139 3015 255 3096 mabat,
279 3017 369 3097 quin,
391 3031 465 3076 oum
488 3031 615 3077 omnem
638 3013 772 3077 Galliam
795 3016 1045 3098 occupavissent,
1067 3021 1104 3080 ut
1118 3025 1190 3081 ante

139 3120 258 3186 Cimbri
279 3119 476 3202 Teutonique
499 3119 658 3202 fecissent,
681 3119 714 3181 in
730 3120 928 3202 provinciam
951 3121 1075 3185 exirent
1096 3127 1191 3206 atque

140 3226 214 3290 inde
235 3226 270 3288 in
284 3225 409 3288 Italiam
431 3224 658 3288 contenderent
681 3223 874 3308 [praesertim
897 3245 969 3289 cum
989 3224 1152 3310 Sequanos
1174 3249 1192 3291 a

139 3331 300 3418 provincia
319 3334 426 3395 nostra
440 3330 613 3394 Rhodanus
637 3329 816 3414 divideret];
841 3331 957 3414 quibus
979 3333 1074 3398 rebus
1097 3354 1190 3418 quam

141 3428 322 3504 maturrime
335 3435 564 3500 occurrendum
576 3436 712 3519 putabat.
736 3437 803 3519 ipse
813 3442 919 3501 autem
935 3439 1115 3504 Ariovistus
1124 3446 1191 3505 tan-
1205 3463 1218 3505 o

141 3553 189 3611 tos
204 3542 267 3608 sibi
281 3543 417 3626 spiritus,
432 3545 551 3604 tantam
567 3543 778 3625 arrogantiam
793 3548 976 3626 sumpserat,
994 3550 1030 3608 ut
1044 3545 1192 3612 ferendus

141 3671 206 3715 non
218 3649 385 3714 videretur.
410 3645 512 3724 Quam
527 3646 566 3711 ob
578 3666 646 3712 rem
657 3648 775 3730 placuit
790 3649 826 3729 ei,
841 3654 877 3711 ut
888 3649 929 3712 ad
941 3651 1137 3718 Ariovistum
1148 3653 1193 3720 le-
1209 3667 1245 3722 34

142 3763 231 3842 gatos
245 3756 390 3836 mitteret,
406 3754 461 3837 qui
476 3753 515 3817 ab
531 3773 568 3818 eo
579 3754 783 3838 postularent,
797 3755 847 3817 uti
858 3755 997 3836 aliquem
1012 3757 1117 3823 locum
1127 3780 1193 3826 me-

140 3863 234 3926 dium
248 3861 415 3942 utriusque
426 3859 596 3943 conloquio
608 3859 770 3943 deligeret:
787 3860 869 3925 velle
884 3880 953 3926 sese
969 3863 1007 3929 de
1022 3865 1195 3948 republica

144 3973 176 4032 et
189 3968 321 4031 summis
335 3965 501 4047 utriusque
516 3965 611 4030 rebus
626 3983 700 4029 cunr
714 3983 750 4030 eo
767 3984 867 4051 agere.
891 3967 922 4032 ei
936 3967 1088 4054 legationi
1101 3972 1222 4039 Ario-a
1238 4008 1292 4095 j·

1002 4070 1038 4128 2*
