2738 4424
222 248 286 315 1⁷2
617 266 722 322 Bam
740 265 880 323 ammei

183 450 209 494 ro
221 426 315 491 rituti
329 426 482 494 subicere,
520 446 569 512 un,
589 427 675 511 qnod
691 429 732 492 ad
748 428 832 492 diem
846 446 914 492 non
928 433 1097 511 venerunt,
1112 428 1152 494 de
1167 445 1278 494 eorum

220 529 282 597 fide
301 534 541 617 constantiaque
560 533 731 598 dubitatis?
764 532 843 616 quid
858 533 954 618 ergo?
985 531 1145 598 Romanos
1162 533 1197 596 in
1212 531 1278 595 illis

219 636 424 704 ulterioribus
450 638 683 704 munitionibus
711 639 852 703 animine
879 656 974 703 causa
996 637 1111 702 cotidie
1134 635 1277 702 exerceri

183 767 207 810 n
219 744 357 828 putatis?
399 745 427 808 si
448 745 577 808 illorum
598 745 723 810 nuntiis
746 743 925 809 confirmari
946 762 1014 808 non
1035 742 1164 826 potestis
1187 740 1276 805 omni

220 849 310 914 aditu
323 855 519 934 praesaepto,
538 850 588 914 hie
603 851 732 915 utimini
745 849 880 914 testibus
895 848 1148 933 adpropinquare
1163 865 1275 911 eorum

220 956 405 1037 adventum3
433 956 526 1020 cuius
547 957 596 1021 rei
618 957 730 1022 timore
753 956 898 1021 exterriti
925 955 1010 1020 diem
1031 958 1218 1037 noctemque
1240 952 1276 1016 in

183 1085 207 1126 re
221 1080 314 1145 opere
330 1067 503 1126 versantur.
539 1062 618 1145 quid
636 1081 710 1145 ergo
729 1061 795 1126 mei
815 1061 941 1126 consilii
957 1060 1026 1126 est?
1059 1060 1174 1143 facere,
1190 1058 1277 1140 quod

218 1168 319 1232 nostri
345 1167 478 1231 maiores
503 1186 707 1251 nequaquam
733 1168 802 1251 pari
828 1166 912 1232 bello
941 1165 1142 1231 Cimbrorum
1162 1165 1277 1230 'leuto-

218 1293 362 1357 numque
380 1274 537 1338 fecerunt:
562 1275 618 1356 qui
636 1275 672 1337 in
687 1275 802 1358 oppida
817 1272 972 1356 compulsi
995 1291 1032 1336 ac
1051 1271 1150 1336 simili
1168 1270 1278 1354 inopie

218 1379 341 1444 subacti
368 1397 478 1443 eorum
505 1377 702 1462 corporibus,
730 1380 786 1463 qui
808 1384 909 1444 aetate
936 1378 977 1442 ad
998 1378 1120 1442 bellum
1146 1375 1277 1440 inutiles

218 1484 420 1568 videbantur,
448 1485 545 1549 vitam
572 1484 789 1549 toleraverunt
817 1503 921 1567 neque
948 1503 982 1549 se
1009 1482 1153 1547 hostibus
1180 1481 1277 1545 tradi-

182 1613 206 1652 te
220 1589 342 1654 derunt
388 1591 479 1655 cuius
504 1591 552 1656 rei
578 1592 606 1654 si
633 1591 815 1674 exemplum
843 1609 909 1654 non
935 1589 1138 1671 haberemus,
1170 1592 1277 1652 tamen

219 1694 373 1760 libertatis
404 1715 499 1760 causa
525 1697 650 1760 institui
681 1701 713 1762 et
742 1697 875 1780 posteris
906 1696 998 1780 prodi
1028 1695 1276 1780 pulcherrimum

182 1801 402 1866 uindicarem.
447 1802 622 1885 namquid
648 1802 697 1866 illi
719 1802 823 1867 simile
850 1802 933 1866 bello
955 1802 1039 1866 fuit?
1086 1800 1277 1884 depopulata

220 1907 322 1972 Gallia
343 1906 462 1973 Cimbri
483 1925 663 1992 magnaque
686 1908 785 1972 inlata
806 1908 983 1971 calamitate
1004 1904 1123 1970 finibus
1146 1906 1275 1989 quidem

218 2014 336 2078 nostris
358 2003 529 2098 aliquando
549 2018 753 2080 excesserunt
776 2017 871 2096 atque
890 2014 966 2076 olias
985 2017 1083 2077 terras
1105 2012 1275 2094 petierunt,

181 2143 205 2184 re
218 2120 300 2203 iura,
322 2120 421 2203 leges,
443 2139 547 2203 agros,
569 2119 747 2184 libertatem
769 2118 863 2183 nobis
884 2118 1092 2201 reliquerunt
1138 2117 1274 2181 Romani

216 2243 293 2289 vero
317 2226 396 2309 quid
418 2230 530 2310 petunt
551 2225 638 2288 aliud
663 2229 718 2288 aut
741 2225 819 2306 quid
841 2224 966 2307 volunt,
993 2224 1055 2288 nisi
1077 2222 1198 2286 invidia
1219 2223 1275 2287 ad·

218 2330 319 2413 ducti,
346 2349 426 2413 quos
448 2331 531 2394 fama
551 2329 675 2394 nobiles
701 2334 909 2413 potentesque
938 2328 1021 2393 bello
1049 2333 1275 2414 cognoverunt,

215 2436 331 2500 horum
353 2436 389 2499 in
411 2437 494 2520 agris
516 2436 762 2519 civitatibusque
789 2435 952 2500 considere
980 2440 1076 2518 atque
1102 2433 1151 2498 his
1174 2438 1274 2499 aeter-

216 2561 290 2604 nam
312 2541 478 2626 iniungere
494 2541 699 2607 servitutem?
735 2542 941 2625 nequeenim
955 2560 1108 2624 nmquam
1122 2539 1184 2603 alia
1198 2559 1274 2604 oon·

178 2667 204 2710 ro
218 2645 341 2709 dicione
363 2646 447 2711 bella
467 2652 642 2730 gesserunt.
688 2646 774 2731 quod
796 2647 824 2711 si
847 2665 897 2728 ea,
925 2665 1006 2729 quae
1033 2647 1069 2710 in
1089 2645 1274 2730 longinquis

215 2750 398 2815 nationibus
417 2756 584 2835 gemmtnr,
601 2754 766 2837 ignoratis,
786 2753 932 2836 respicite
946 2751 1113 2816 finitimam
1129 2750 1273 2834 Galliam,

217 2875 298 2940 quae
320 2856 356 2920 in
377 2857 573 2940 provinciam
595 2859 733 2940 redacta,
759 2859 829 2922 iure
857 2863 889 2922 et
914 2856 1040 2941 legibus
1063 2856 1273 2939 commutatis,

164 2975 198 3033 τε
216 2961 381 3027 securibus
400 2961 541 3027 subiecta
559 2968 711 3047 perpetua
730 2963 885 3046 premitur
898 2961 1069 3027 servitute!
1104 2959 1273 3027 Sententiis

217 3069 310 3134 dictis
325 3069 536 3152 constituunt,
558 3073 595 3132 ut
615 3069 652 3149 ii,
676 3068 732 3151 qui
746 3054 927 3135 valetudine
951 3073 1007 3133 aut
1028 3071 1129 3133 aetate
1144 3066 1273 3132 inutiles

215 3175 280 3240 sint
301 3175 398 3258 bello,
421 3175 535 3260 oppido
551 3173 707 3239 excedant
723 3177 817 3257 atque
833 3175 940 3238 omnia
954 3175 1043 3258 prius
1059 3173 1272 3257 experiantur,

190 3300 314 3364 nquam
337 3281 377 3344 ed
393 3280 565 3365 Critognati
586 3281 775 3345 sententiam
796 3280 1001 3361 descendant;
1025 3280 1081 3343 illo
1097 3283 1204 3343 temen
1217 3297 1273 3362 po-

216 3387 279 3451 tius
298 3387 453 3452 utendum
471 3387 617 3469 consilio,
637 3387 665 3449 si
679 3405 731 3451 res
746 3391 838 3470 cogat
854 3390 949 3467 atque
966 3384 1088 3448 auxilia
1101 3388 1273 3465 morentur,

218 3511 314 3575 quam
341 3498 397 3557 aut
423 3492 593 3558 deditionis
625 3495 681 3555 aut
706 3493 793 3576 pacis
820 3491 1019 3556 subeundam
1045 3489 1273 3555 condicionem

189 3597 395 3681 aMandubii,
422 3598 479 3681 qui
505 3617 559 3663 eos
587 3598 703 3682 oppido
730 3601 926 3681 receperant,
953 3616 1027 3661 cum
1049 3595 1159 3660 liberis
1180 3601 1274 3678 atque

190 3703 372 3769 canoribus
395 3703 484 3768 exire
506 3710 673 3787 cogrmtur.
714 3703 761 3788 hi,
785 3722 858 3767 cum
881 3703 920 3766 ad
942 3702 1139 3766 munitiones
1161 3701 1275 3765 Roma·

91 3823 92 3827 ’
217 3827 331 3873 norum
354 3809 572 3891 accessissent,
598 3808 711 3874 flentes
734 3807 881 3873 omnibus
903 3807 1051 3891 precibus
1073 3806 1218 3888 orabant,
1240 3809 1277 3869 ut

191 3931 252 3979 sse
278 3915 313 3976 in
340 3915 525 3978 servitutem
551 3918 695 3997 receptos
717 3913 789 3979 cibo
811 3914 966 3978 iuvarent
1012 3917 1044 3976 at
1071 3911 1186 3978 Caesar
1213 3912 1276 3976 dis-
1310 3931 1313 3936 ·

218 4019 327 4102 positis
350 4020 384 4082 in
407 4018 491 4083 vallo
515 4018 667 4085 custodiis
689 4020 789 4103 recipi
810 4017 1004 4102 prohibebat
