2738 4424
185 223 247 287 198
579 237 682 294 BELLI
701 237 843 294 GALLIOI

128 408 163 462 11
184 398 364 483 oppidanos.
406 396 549 475 Quorum
571 401 674 464 omnis
699 405 808 484 postea
834 399 1003 464 multitudo
1031 402 1183 480 aquatum
1205 399 1241 460 in

183 524 285 569 unum
311 505 417 570 locum
444 505 655 570 conveniebat
681 505 741 570 sub
764 507 864 590 ipsius
887 506 994 590 oppidi
1015 525 1157 588 murum,
1184 503 1240 568 ubi

184 629 318 694 magnus
339 612 411 675 fons
433 630 535 693 aquae
557 611 782 694 prorumpebat
809 611 847 675 ab
875 631 913 677 ea
938 615 1040 695 parte,
1068 628 1149 692 quae
1174 609 1240 674 fere

157 717 299 800 spadum
315 714 390 780 000
405 717 572 781 intervallo
592 716 733 781 fluminis
748 718 885 783 circuitu
899 716 1038 781 vacabat.
1076 717 1137 780 hoc
1155 717 1241 780 fonte

183 822 343 906 prohiberi
369 841 461 906 posse
493 823 666 906 oppidanos
693 843 767 887 cum
795 828 940 907 optarent
965 822 1095 907 reliqui,
1127 820 1242 886 Caesar

184 947 268 992 unus
290 928 426 1012 rideret,
448 947 466 994 e
487 928 618 1012 regione
641 930 711 994 eius
729 929 839 994 vineas
862 948 955 1012 agere
978 928 1129 993 adversus
1151 947 1242 991 mon·

184 1039 249 1100 tem
276 1038 308 1098 et
334 1053 480 1118 aggerem
512 1039 659 1100 extruere
690 1035 793 1118 coepit
822 1054 937 1118 magno
970 1053 1044 1098 oum
1075 1033 1183 1097 labore
1210 1037 1242 1097 et

158 1141 336 1208 acontinua
358 1141 567 1206 dimicatione.
613 1139 763 1225 oppidani
790 1141 876 1205 enim
901 1142 972 1205 loco
999 1141 1160 1224 superiore
1188 1139 1241 1204 de-

186 1250 319 1311 currunt
350 1251 382 1310 et
413 1248 537 1311 eminus
569 1247 639 1311 sine
668 1246 809 1331 periculo
841 1246 1036 1330 proeliantur
1062 1245 1242 1329 multosque

185 1353 385 1437 pertinaciter
408 1353 613 1417 succedentes
627 1353 811 1434 vulnerant3
834 1372 902 1417 non
919 1353 1119 1418 deterrentur
1136 1356 1242 1416 tamen

185 1459 302 1522 milites
330 1459 432 1522 nostri
456 1459 565 1522 vineas
596 1459 737 1542 prolerre
769 1463 800 1523 et
829 1458 937 1523 laboro
968 1463 1064 1540 atque
1096 1457 1243 1542 operibus

159 1563 329 1630 cloeorum
356 1563 484 1627 vincere
512 1563 720 1628 difficultates
766 1564 878 1628 eodem
909 1568 1050 1648 tempore
1078 1563 1243 1627 cuniculos

185 1673 286 1732 tectos
307 1669 463 1733 advenas
486 1673 586 1754 agunt
608 1674 641 1735 et
662 1673 758 1753 caput
778 1670 888 1753 fontis,
912 1670 997 1753 quod
1019 1689 1121 1754 genus
1140 1669 1244 1753 operis

186 1773 255 1838 sine
277 1774 342 1838 ullo
365 1775 520 1860 periculo,
543 1776 612 1840 sine
636 1777 816 1859 suspicione
839 1776 978 1840 hostium
995 1776 1098 1840 facere
1119 1774 1244 1839 licebat.

160 1881 346 1949 sextruitur
368 1901 464 1965 agger
485 1883 519 1945 in
542 1882 742 1947 altitudinem
763 1883 881 1966 pedum
903 1881 975 1966 LX,
1003 1881 1187 1946 conlocatur
1209 1880 1242 1943 in

188 2005 225 2051 eo
257 1988 354 2051 turris
383 1986 419 2051 X
445 1987 672 2073 tabulatorum,
705 2007 771 2052 non
803 1988 930 2070 quidem
965 2006 1046 2070 quae
1076 1985 1245 2052 moenibus

188 2093 390 2176 adaequaret,
415 2129 458 2140 -
481 2093 515 2157 id
538 2094 625 2158 enim
647 2094 744 2158 nullis
767 2093 916 2178 operibus
938 2093 1021 2158 effici
1042 2096 1177 2177 poterat,
1200 2128 1243 2140 -

160 2199 243 2266 osed
267 2217 349 2280 quae
371 2203 535 2283 superaret
556 2199 652 2263 fontis
669 2200 839 2283 fastigium.
877 2218 919 2264 ex
941 2217 978 2262 ea
1000 2218 1074 2263 curn
1095 2199 1159 2263 tela
1181 2203 1244 2261 tor-

187 2305 303 2368 mentis
324 2305 503 2369 iacerentur
525 2305 565 2369 ad
587 2305 682 2369 fontis
705 2305 827 2370 aditum
848 2323 908 2369 nec
927 2305 995 2370 sine
1012 2305 1153 2388 periculo
1172 2322 1244 2387 pos-

188 2414 259 2474 sent
280 2411 391 2494 aquari
413 2411 574 2496 oppidani,
601 2430 668 2475 non
689 2415 813 2475 tantum
834 2430 950 2495 pecora
975 2415 1071 2493 atque
1092 2410 1244 2493 iumenta,

188 2516 361 2579 sedetiam
383 2536 498 2600 magna
524 2518 689 2581 hominum
715 2518 884 2581 multitudo
912 2518 965 2581 siti
990 2515 1243 2581 consumebatur.

133 2638 170 2694 42
189 2618 259 2695 Quo
281 2621 365 2684 malo
387 2623 544 2705 perterriti
567 2623 716 2707 oppidani
738 2642 835 2706 cupas
857 2623 947 2706 sebo,
971 2624 1055 2707 pice,
1082 2622 1244 2688 scandulis

189 2726 361 2809 complent;
393 2746 446 2792 eas
478 2729 624 2794 ardentes
653 2730 690 2794 in
722 2748 817 2814 opera
846 2729 1039 2814 provolvunt
1069 2729 1244 2811 eodemque

190 2837 329 2916 tempore
347 2834 499 2898 acerrime
516 2834 724 2918 proeliantur,
745 2841 781 2900 ut
798 2835 837 2899 ab
852 2836 1001 2901 incendio
1016 2834 1243 2918 restinguendo

162 2939 401 3007 adimicationis
423 2939 564 3023 periculo
584 2941 760 3006 deterreant
776 2941 945 3007 Romanos.
981 2961 1098 3025 magna
1114 2945 1243 3025 repente

189 3046 225 3110 in
246 3046 324 3130 ipsis
347 3045 495 3130 operibus
517 3045 644 3110 flamma
666 3048 781 3112 existit
828 3066 1046 3130 quaecumque
1074 3047 1161 3112 enim
1187 3065 1244 3130 per

188 3151 296 3216 locum
316 3152 519 3236 praecipitem
540 3152 637 3217 missa
659 3157 760 3237 erant,
788 3170 826 3215 ea
847 3153 949 3218 vineis
976 3157 1008 3217 et
1033 3171 1147 3236 aggere
1169 3172 1243 3236 sup

162 3277 297 3342 opressa
312 3257 620 3342 comprehendebant
634 3258 668 3321 id
682 3259 796 3342 ipsum,
813 3258 898 3341 quod
912 3258 1100 3322 morabatur.
1127 3258 1243 3322 milites

191 3369 299 3429 contra
313 3365 426 3448 nostri,
450 3384 642 3447 quamquam
656 3364 832 3449 periculoso
847 3383 963 3448 genere
982 3364 1096 3447 proelii
1109 3364 1243 3447 locoque

192 3470 301 3553 iniquo
323 3470 560 3554 premebantur,
586 3476 694 3536 tamen
721 3471 827 3536 omnia
853 3470 1023 3534 fortissimo
1046 3469 1244 3534 sustinebant

164 3576 306 3641 ranimo.
350 3595 401 3640 res
423 3577 509 3641 enim
530 3576 698 3660 gerebatur
720 3577 846 3641 excelso
869 3576 939 3641 loco
964 3579 997 3640 et
1017 3576 1052 3638 in
1074 3581 1244 3663 conspectu

191 3682 351 3745 exercitus
377 3685 490 3767 nostri,
521 3700 719 3766 magnusque
745 3683 907 3763 utrimque
934 3682 1052 3745 clamor
1079 3681 1245 3745 oriebatur.

191 3787 299 3870 itaque
328 3789 474 3871 quisque,
500 3793 596 3872 prout
621 3792 688 3852 erat
714 3787 853 3852 maxime
874 3787 1023 3871 insignis,
1051 3806 1115 3868 quo
1141 3787 1247 3850 notior

192 3895 396 3976 testatiorque
423 3895 523 3958 virtus
550 3897 632 3959 esset
659 3893 742 3977 eius,
773 3892 843 3956 telis
872 3893 1011 3956 hostium
1038 3891 1248 3973 flammaeque
