<?xml version="1.0" encoding="UTF-8"?>
<!DOCTYPE html PUBLIC "-//W3C//DTD XHTML 1.0 Transitional//EN"
    "http://www.w3.org/TR/xhtml1/DTD/xhtml1-transitional.dtd">
<html xmlns="http://www.w3.org/1999/xhtml" xml:lang="en" lang="en">
 <head>
  <title>
</title>
<meta http-equiv="Content-Type" content="text/html;charset=utf-8" />
  <meta name='ocr-system' content='tesseract 3.04.00' />
  <meta name='ocr-capabilities' content='ocr_page ocr_carea ocr_par ocr_line ocrx_word'/>
</head>
<body>
  <div class='ocr_page' id='page_1' title='image "./ciuliicaesarisb02meusgoog_0181.png"; bbox 0 0 2738 4424; ppageno 0'>
   <div class='ocr_carea' id='block_1_1' title="bbox 443 263 1181 336">
    <p class='ocr_par' dir='ltr' id='par_1_1' title="bbox 443 263 1181 336">
     <span class='ocr_line' id='line_1_1' title="bbox 443 263 1181 336; baseline -0.008 -3"><span class='ocrx_word' id='word_1_1' title='bbox 443 278 549 333; x_wconf 76' lang='lat' dir='ltr'>LIBER</span> <span class='ocrx_word' id='word_1_2' title='bbox 566 279 627 334; x_wconf 83' lang='lat' dir='ltr'>VII.</span> <span class='ocrx_word' id='word_1_3' title='bbox 647 279 722 336; x_wconf 79' lang='lat' dir='ltr'>olP.</span> <span class='ocrx_word' id='word_1_4' title='bbox 741 279 864 336; x_wconf 77' lang='lat' dir='ltr'>tte-6⁷.</span> <span class='ocrx_word' id='word_1_5' title='bbox 1118 263 1181 328; x_wconf 85' lang='grc'>165</span> 
     </span>
    </p>
   </div>
   <div class='ocr_carea' id='block_1_2' title="bbox 130 437 1182 524">
    <p class='ocr_par' dir='ltr' id='par_1_2' title="bbox 130 437 1182 536">
     <span class='ocr_line' id='line_1_2' title="bbox 130 437 1182 524; baseline 0.005 -24"><span class='ocrx_word' id='word_1_6' title='bbox 130 437 235 502; x_wconf 84' lang='lat' dir='ltr'>hostes</span> <span class='ocrx_word' id='word_1_7' title='bbox 257 439 399 521; x_wconf 86' lang='lat' dir='ltr'>equitatu</span> <span class='ocrx_word' id='word_1_8' title='bbox 426 441 601 524; x_wconf 81' lang='lat' dir='ltr'>superiores</span> <span class='ocrx_word' id='word_1_9' title='bbox 628 459 697 506; x_wconf 92' lang='lat' dir='ltr'>esse</span> <span class='ocrx_word' id='word_1_10' title='bbox 719 438 921 524; x_wconf 81' lang='lat' dir='ltr'>intellegebat</span> <span class='ocrx_word' id='word_1_11' title='bbox 947 443 979 504; x_wconf 93' lang='lat' dir='ltr'>et</span> <span class='ocrx_word' id='word_1_12' title='bbox 1003 440 1182 505; x_wconf 77' lang='lat' dir='ltr'>interclusis</span> 
     </span>
    </p>
   </div>
   <div class='ocr_carea' id='block_1_3' title="bbox 126 542 1236 4015">
    <p class='ocr_par' dir='ltr' id='par_1_3' title="bbox 128 542 1210 1348">
     <span class='ocr_line' id='line_1_3' title="bbox 130 542 1182 629; baseline 0.003 -23"><span class='ocrx_word' id='word_1_13' title='bbox 130 542 277 609; x_wconf 91' lang='lat' dir='ltr'>omnibus</span> <span class='ocrx_word' id='word_1_14' title='bbox 299 543 467 610; x_wconf 83' lang='lat' dir='ltr'>itineribus</span> <span class='ocrx_word' id='word_1_15' title='bbox 481 545 570 609; x_wconf 91' lang='lat' dir='ltr'>nulla</span> <span class='ocrx_word' id='word_1_16' title='bbox 591 564 626 610; x_wconf 94' lang='lat' dir='ltr'>re</span> <span class='ocrx_word' id='word_1_17' title='bbox 641 565 684 612; x_wconf 85' lang='lat' dir='ltr'>ex</span> <span class='ocrx_word' id='word_1_18' title='bbox 698 547 862 629; x_wconf 79' lang='lat' dir='ltr'>provincia</span> <span class='ocrx_word' id='word_1_19' title='bbox 884 550 980 629; x_wconf 89' lang='lat' dir='ltr'>atque</span> <span class='ocrx_word' id='word_1_20' title='bbox 994 544 1086 611; x_wconf 88' lang='lat' dir='ltr'>Italia</span> <span class='ocrx_word' id='word_1_21' title='bbox 1107 545 1182 610; x_wconf 90' lang='lat' dir='ltr'>snb-</span> 
     </span>
     <span class='ocr_line' id='line_1_4' title="bbox 128 648 1182 734; baseline 0.006 -23"><span class='ocrx_word' id='word_1_22' title='bbox 128 648 229 713; x_wconf 84' lang='lat' dir='ltr'>lerari</span> <span class='ocrx_word' id='word_1_23' title='bbox 250 653 386 734; x_wconf 88' lang='lat' dir='ltr'>poterat,</span> <span class='ocrx_word' id='word_1_24' title='bbox 407 654 494 715; x_wconf 72' lang='lat' dir='ltr'>nans</span> <span class='ocrx_word' id='word_1_25' title='bbox 508 650 656 716; x_wconf 89' lang='lat' dir='ltr'>Rhenum</span> <span class='ocrx_word' id='word_1_26' title='bbox 674 651 711 716; x_wconf 94' lang='lat' dir='ltr'>in</span> <span class='ocrx_word' id='word_1_27' title='bbox 726 650 928 717; x_wconf 76' lang='lat' dir='ltr'>Germaniam</span> <span class='ocrx_word' id='word_1_28' title='bbox 948 651 1045 715; x_wconf 89' lang='lat' dir='ltr'>mittit</span> <span class='ocrx_word' id='word_1_29' title='bbox 1067 651 1107 714; x_wconf 88' lang='lat' dir='ltr'>ad</span> <span class='ocrx_word' id='word_1_30' title='bbox 1129 670 1182 717; x_wconf 86' lang='lat' dir='ltr'>eas</span> 
     </span>
     <span class='ocr_line' id='line_1_5' title="bbox 129 755 1183 840; baseline 0.004 -22"><span class='ocrx_word' id='word_1_31' title='bbox 129 755 284 839; x_wconf 87' lang='lat' dir='ltr'>civitates,</span> <span class='ocrx_word' id='word_1_32' title='bbox 316 774 395 838; x_wconf 89' lang='lat' dir='ltr'>quas</span> <span class='ocrx_word' id='word_1_33' title='bbox 425 755 639 840; x_wconf 89' lang='lat' dir='ltr'>superioribus</span> <span class='ocrx_word' id='word_1_34' title='bbox 670 758 761 821; x_wconf 85' lang='lat' dir='ltr'>annis</span> <span class='ocrx_word' id='word_1_35' title='bbox 787 761 965 840; x_wconf 86' lang='lat' dir='ltr'>pacaverat,</span> <span class='ocrx_word' id='word_1_36' title='bbox 997 756 1183 839; x_wconf 88' lang='lat' dir='ltr'>equitesque</span> 
     </span>
     <span class='ocr_line' id='line_1_6' title="bbox 129 859 1183 946; baseline 0.004 -23"><span class='ocrx_word' id='word_1_37' title='bbox 129 859 168 923; x_wconf 88' lang='lat' dir='ltr'>ab</span> <span class='ocrx_word' id='word_1_38' title='bbox 191 861 241 925; x_wconf 90' lang='lat' dir='ltr'>his</span> <span class='ocrx_word' id='word_1_39' title='bbox 263 862 392 927; x_wconf 88' lang='lat' dir='ltr'>arcessit</span> <span class='ocrx_word' id='word_1_40' title='bbox 418 867 449 926; x_wconf 92' lang='lat' dir='ltr'>et</span> <span class='ocrx_word' id='word_1_41' title='bbox 474 862 553 926; x_wconf 87' lang='lat' dir='ltr'>levis</span> <span class='ocrx_word' id='word_1_42' title='bbox 574 867 752 927; x_wconf 74' lang='lat' dir='ltr'>ermelinae</span> <span class='ocrx_word' id='word_1_43' title='bbox 774 862 910 946; x_wconf 85' lang='lat' dir='ltr'>pedites,</span> <span class='ocrx_word' id='word_1_44' title='bbox 938 862 994 946; x_wconf 90' lang='lat' dir='ltr'>qui</span> <span class='ocrx_word' id='word_1_45' title='bbox 1019 862 1102 926; x_wconf 91' lang='lat' dir='ltr'>inter</span> <span class='ocrx_word' id='word_1_46' title='bbox 1128 880 1183 927; x_wconf 91' lang='lat' dir='ltr'>eos</span> 
     </span>
     <span class='ocr_line' id='line_1_7' title="bbox 128 966 1210 1052; baseline 0.007 -24"><span class='ocrx_word' id='word_1_47' title='bbox 128 966 276 1048; x_wconf 89' lang='lat' dir='ltr'>proeliari</span> <span class='ocrx_word' id='word_1_48' title='bbox 298 973 495 1032; x_wconf 84' lang='lat' dir='ltr'>consuerant</span> <span class='ocrx_word' id='word_1_49' title='bbox 533 987 644 1033; x_wconf 91' lang='lat' dir='ltr'>eorum</span> <span class='ocrx_word' id='word_1_50' title='bbox 659 969 811 1051; x_wconf 88' lang='lat' dir='ltr'>adventu,</span> <span class='ocrx_word' id='word_1_51' title='bbox 834 968 921 1052; x_wconf 92' lang='lat' dir='ltr'>quod</span> <span class='ocrx_word' id='word_1_52' title='bbox 939 968 1045 1032; x_wconf 90' lang='lat' dir='ltr'>minus</span> <span class='ocrx_word' id='word_1_53' title='bbox 1060 969 1210 1036; x_wconf 78' lang='lat' dir='ltr'>idoneisa</span> 
     </span>
     <span class='ocr_line' id='line_1_8' title="bbox 130 1072 1183 1157; baseline 0.003 -22"><span class='ocrx_word' id='word_1_54' title='bbox 130 1073 221 1155; x_wconf 91' lang='lat' dir='ltr'>equis</span> <span class='ocrx_word' id='word_1_55' title='bbox 240 1072 424 1157; x_wconf 90' lang='lat' dir='ltr'>utebantur,</span> <span class='ocrx_word' id='word_1_56' title='bbox 447 1093 465 1137; x_wconf 92' lang='lat' dir='ltr'>a</span> <span class='ocrx_word' id='word_1_57' title='bbox 487 1073 625 1138; x_wconf 90' lang='lat' dir='ltr'>tribunis</span> <span class='ocrx_word' id='word_1_58' title='bbox 646 1075 784 1138; x_wconf 88' lang='lat' dir='ltr'>militum</span> <span class='ocrx_word' id='word_1_59' title='bbox 806 1074 1000 1157; x_wconf 87' lang='lat' dir='ltr'>reliquisque</span> <span class='ocrx_word' id='word_1_60' title='bbox 1022 1072 1183 1156; x_wconf 88' lang='lat' dir='ltr'>equitibus</span> 
     </span>
     <span class='ocr_line' id='line_1_9' title="bbox 128 1175 1183 1262; baseline 0.004 -21"><span class='ocrx_word' id='word_1_61' title='bbox 128 1175 280 1242; x_wconf 84' lang='lat' dir='ltr'>Romanis</span> <span class='ocrx_word' id='word_1_62' title='bbox 311 1184 406 1262; x_wconf 89' lang='lat' dir='ltr'>atque</span> <span class='ocrx_word' id='word_1_63' title='bbox 438 1180 575 1244; x_wconf 85' lang='lat' dir='ltr'>evocatis</span> <span class='ocrx_word' id='word_1_64' title='bbox 607 1198 706 1262; x_wconf 91' lang='lat' dir='ltr'>equos</span> <span class='ocrx_word' id='word_1_65' title='bbox 736 1181 834 1245; x_wconf 89' lang='lat' dir='ltr'>sumit</span> <span class='ocrx_word' id='word_1_66' title='bbox 860 1178 1087 1262; x_wconf 81' lang='lat' dir='ltr'>Germanisque</span> <span class='ocrx_word' id='word_1_67' title='bbox 1119 1178 1183 1245; x_wconf 85' lang='lat' dir='ltr'>dis·</span> 
     </span>
     <span class='ocr_line' id='line_1_10' title="bbox 128 1282 246 1348; baseline 0.008 -1"><span class='ocrx_word' id='word_1_68' title='bbox 128 1282 246 1348; x_wconf 77' lang='lat' dir='ltr'>tribrdt.</span> 
     </span>
    </p>

    <p class='ocr_par' dir='ltr' id='par_1_4' title="bbox 126 1389 1236 4015">
     <span class='ocr_line' id='line_1_11' title="bbox 216 1389 1235 1475; baseline -0.001 -21"><span class='ocrx_word' id='word_1_69' title='bbox 216 1389 354 1472; x_wconf 91' lang='lat' dir='ltr'>Interea,</span> <span class='ocrx_word' id='word_1_70' title='bbox 377 1389 454 1454; x_wconf 92' lang='lat' dir='ltr'>dum</span> <span class='ocrx_word' id='word_1_71' title='bbox 475 1392 553 1456; x_wconf 86' lang='lat' dir='ltr'>haee</span> <span class='ocrx_word' id='word_1_72' title='bbox 574 1395 742 1475; x_wconf 88' lang='lat' dir='ltr'>geruntur,</span> <span class='ocrx_word' id='word_1_73' title='bbox 767 1391 906 1456; x_wconf 88' lang='lat' dir='ltr'>bostium</span> <span class='ocrx_word' id='word_1_74' title='bbox 928 1391 1036 1474; x_wconf 86' lang='lat' dir='ltr'>copiae</span> <span class='ocrx_word' id='word_1_75' title='bbox 1058 1409 1100 1455; x_wconf 84' lang='lat' dir='ltr'>ex</span> <span class='ocrx_word' id='word_1_76' title='bbox 1121 1390 1182 1454; x_wconf 86' lang='lat' dir='ltr'>Ar·</span> <span class='ocrx_word' id='word_1_77' title='bbox 1198 1405 1235 1464; x_wconf 73' lang='grc' dir='ltr'>ω</span> 
     </span>
     <span class='ocr_line' id='line_1_12' title="bbox 127 1495 1182 1581; baseline 0.002 -23"><span class='ocrx_word' id='word_1_78' title='bbox 127 1497 234 1561; x_wconf 87' lang='lat' dir='ltr'>vernis</span> <span class='ocrx_word' id='word_1_79' title='bbox 262 1497 461 1580; x_wconf 89' lang='lat' dir='ltr'>equitesque,</span> <span class='ocrx_word' id='word_1_80' title='bbox 493 1497 548 1581; x_wconf 93' lang='lat' dir='ltr'>qui</span> <span class='ocrx_word' id='word_1_81' title='bbox 575 1497 634 1561; x_wconf 89' lang='lat' dir='ltr'>toti</span> <span class='ocrx_word' id='word_1_82' title='bbox 661 1495 780 1561; x_wconf 81' lang='lat' dir='ltr'>Galliae</span> <span class='ocrx_word' id='word_1_83' title='bbox 808 1501 898 1562; x_wconf 86' lang='lat' dir='ltr'>erant</span> <span class='ocrx_word' id='word_1_84' title='bbox 922 1496 1080 1580; x_wconf 87' lang='lat' dir='ltr'>imperati,</span> <span class='ocrx_word' id='word_1_85' title='bbox 1107 1514 1182 1561; x_wconf 93' lang='lat' dir='ltr'>eon·</span> 
     </span>
     <span class='ocr_line' id='line_1_13' title="bbox 127 1599 1208 1686; baseline 0.004 -22"><span class='ocrx_word' id='word_1_86' title='bbox 127 1602 271 1665; x_wconf 81' lang='lat' dir='ltr'>veniunt.</span> <span class='ocrx_word' id='word_1_87' title='bbox 315 1621 430 1686; x_wconf 88' lang='lat' dir='ltr'>magno</span> <span class='ocrx_word' id='word_1_88' title='bbox 458 1602 571 1666; x_wconf 92' lang='lat' dir='ltr'>borum</span> <span class='ocrx_word' id='word_1_89' title='bbox 598 1607 705 1667; x_wconf 84' lang='lat' dir='ltr'>coacto</span> <span class='ocrx_word' id='word_1_90' title='bbox 732 1622 879 1685; x_wconf 89' lang='lat' dir='ltr'>numero,</span> <span class='ocrx_word' id='word_1_91' title='bbox 908 1621 981 1666; x_wconf 93' lang='lat' dir='ltr'>oum</span> <span class='ocrx_word' id='word_1_92' title='bbox 1009 1599 1122 1667; x_wconf 82' lang='lat' dir='ltr'>Caesar</span> <span class='ocrx_word' id='word_1_93' title='bbox 1147 1603 1208 1669; x_wconf 80' lang='lat' dir='ltr'>ina</span> 
     </span>
     <span class='ocr_line' id='line_1_14' title="bbox 127 1705 1181 1792; baseline 0.001 -21"><span class='ocrx_word' id='word_1_94' title='bbox 127 1705 291 1788; x_wconf 81' lang='lat' dir='ltr'>Sequanos</span> <span class='ocrx_word' id='word_1_95' title='bbox 313 1727 370 1791; x_wconf 92' lang='lat' dir='ltr'>per</span> <span class='ocrx_word' id='word_1_96' title='bbox 392 1713 550 1773; x_wconf 86' lang='lat' dir='ltr'>extremos</span> <span class='ocrx_word' id='word_1_97' title='bbox 572 1708 751 1792; x_wconf 88' lang='lat' dir='ltr'>Lingonum</span> <span class='ocrx_word' id='word_1_98' title='bbox 778 1708 858 1774; x_wconf 85' lang='lat' dir='ltr'>fines</span> <span class='ocrx_word' id='word_1_99' title='bbox 879 1709 940 1773; x_wconf 88' lang='lat' dir='ltr'>iter</span> <span class='ocrx_word' id='word_1_100' title='bbox 960 1708 1091 1790; x_wconf 84' lang='lat' dir='ltr'>faceret,</span> <span class='ocrx_word' id='word_1_101' title='bbox 1119 1727 1181 1792; x_wconf 92' lang='lat' dir='ltr'>quo</span> 
     </span>
     <span class='ocr_line' id='line_1_15' title="bbox 127 1811 1183 1898; baseline 0.003 -24"><span class='ocrx_word' id='word_1_102' title='bbox 127 1811 252 1877; x_wconf 83' lang='lat' dir='ltr'>facilius</span> <span class='ocrx_word' id='word_1_103' title='bbox 278 1812 456 1878; x_wconf 90' lang='lat' dir='ltr'>subsidium</span> <span class='ocrx_word' id='word_1_104' title='bbox 483 1814 666 1898; x_wconf 86' lang='lat' dir='ltr'>provinciae</span> <span class='ocrx_word' id='word_1_105' title='bbox 691 1816 773 1879; x_wconf 90' lang='lat' dir='ltr'>ferre</span> <span class='ocrx_word' id='word_1_106' title='bbox 798 1820 916 1898; x_wconf 88' lang='lat' dir='ltr'>posset,</span> <span class='ocrx_word' id='word_1_107' title='bbox 945 1813 1069 1878; x_wconf 85' lang='lat' dir='ltr'>circiter</span> <span class='ocrx_word' id='word_1_108' title='bbox 1095 1814 1183 1877; x_wconf 89' lang='lat' dir='ltr'>milia</span> 
     </span>
     <span class='ocr_line' id='line_1_16' title="bbox 128 1917 1182 2002; baseline 0 -19"><span class='ocrx_word' id='word_1_109' title='bbox 128 1937 279 2001; x_wconf 86' lang='lat' dir='ltr'>passuum</span> <span class='ocrx_word' id='word_1_110' title='bbox 300 1917 335 1983; x_wconf 93' lang='lat' dir='ltr'>X</span> <span class='ocrx_word' id='word_1_111' title='bbox 358 1919 397 1983; x_wconf 97' lang='lat' dir='ltr'>ab</span> <span class='ocrx_word' id='word_1_112' title='bbox 420 1919 572 1984; x_wconf 88' lang='lat' dir='ltr'>Romanis</span> <span class='ocrx_word' id='word_1_113' title='bbox 594 1921 686 1984; x_wconf 83' lang='lat' dir='ltr'>trinis</span> <span class='ocrx_word' id='word_1_114' title='bbox 709 1920 819 1984; x_wconf 88' lang='lat' dir='ltr'>castris</span> <span class='ocrx_word' id='word_1_115' title='bbox 840 1918 1085 2002; x_wconf 84' lang='lat' dir='ltr'>Vercingetorix</span> <span class='ocrx_word' id='word_1_116' title='bbox 1107 1937 1182 1983; x_wconf 90' lang='lat' dir='ltr'>con·</span> 
     </span>
     <span class='ocr_line' id='line_1_17' title="bbox 127 2025 1209 2109; baseline 0.004 -20"><span class='ocrx_word' id='word_1_117' title='bbox 127 2025 209 2089; x_wconf 90' lang='lat' dir='ltr'>sedit</span> <span class='ocrx_word' id='word_1_118' title='bbox 224 2025 471 2109; x_wconf 86' lang='lat' dir='ltr'>convocatisque</span> <span class='ocrx_word' id='word_1_119' title='bbox 486 2025 526 2089; x_wconf 92' lang='lat' dir='ltr'>ad</span> <span class='ocrx_word' id='word_1_120' title='bbox 542 2025 708 2090; x_wconf 89' lang='lat' dir='ltr'>consilinm</span> <span class='ocrx_word' id='word_1_121' title='bbox 724 2025 887 2109; x_wconf 86' lang='lat' dir='ltr'>praelectis</span> <span class='ocrx_word' id='word_1_122' title='bbox 902 2026 1047 2107; x_wconf 90' lang='lat' dir='ltr'>equitum</span> <span class='ocrx_word' id='word_1_123' title='bbox 1057 2025 1209 2093; x_wconf 79' lang='lat' dir='ltr'>venisses</span> 
     </span>
     <span class='ocr_line' id='line_1_18' title="bbox 128 2128 1182 2215; baseline -0.001 -20"><span class='ocrx_word' id='word_1_124' title='bbox 128 2136 252 2215; x_wconf 89' lang='lat' dir='ltr'>tempus</span> <span class='ocrx_word' id='word_1_125' title='bbox 278 2131 430 2195; x_wconf 82' lang='lat' dir='ltr'>victoriae</span> <span class='ocrx_word' id='word_1_126' title='bbox 457 2132 664 2196; x_wconf 90' lang='lat' dir='ltr'>demonstrat:</span> <span class='ocrx_word' id='word_1_127' title='bbox 702 2132 812 2215; x_wconf 85' lang='lat' dir='ltr'>fugere</span> <span class='ocrx_word' id='word_1_128' title='bbox 839 2132 872 2195; x_wconf 93' lang='lat' dir='ltr'>in</span> <span class='ocrx_word' id='word_1_129' title='bbox 901 2129 1094 2215; x_wconf 86' lang='lat' dir='ltr'>provinciam</span> <span class='ocrx_word' id='word_1_130' title='bbox 1119 2128 1182 2194; x_wconf 90' lang='lat' dir='ltr'>Ro·</span> 
     </span>
     <span class='ocr_line' id='line_1_19' title="bbox 127 2236 1209 2322; baseline 0.005 -22"><span class='ocrx_word' id='word_1_131' title='bbox 127 2256 238 2302; x_wconf 87' lang='lat' dir='ltr'>manos</span> <span class='ocrx_word' id='word_1_132' title='bbox 254 2236 419 2320; x_wconf 84' lang='lat' dir='ltr'>Galliaque</span> <span class='ocrx_word' id='word_1_133' title='bbox 439 2238 607 2320; x_wconf 84' lang='lat' dir='ltr'>excedere3</span> <span class='ocrx_word' id='word_1_134' title='bbox 630 2236 664 2300; x_wconf 90' lang='lat' dir='ltr'>id</span> <span class='ocrx_word' id='word_1_135' title='bbox 683 2237 743 2301; x_wconf 93' lang='lat' dir='ltr'>sibi</span> <span class='ocrx_word' id='word_1_136' title='bbox 765 2238 805 2301; x_wconf 91' lang='lat' dir='ltr'>ad</span> <span class='ocrx_word' id='word_1_137' title='bbox 821 2242 1017 2322; x_wconf 88' lang='lat' dir='ltr'>praesentem</span> <span class='ocrx_word' id='word_1_138' title='bbox 1037 2236 1209 2305; x_wconf 75' lang='lat' dir='ltr'>obtinens</span> 
     </span>
     <span class='ocr_line' id='line_1_20' title="bbox 128 2341 1181 2427; baseline 0 -21"><span class='ocrx_word' id='word_1_139' title='bbox 128 2342 201 2406; x_wconf 89' lang='lat' dir='ltr'>dam</span> <span class='ocrx_word' id='word_1_140' title='bbox 221 2341 399 2408; x_wconf 84' lang='lat' dir='ltr'>libertatem</span> <span class='ocrx_word' id='word_1_141' title='bbox 421 2343 496 2408; x_wconf 89' lang='lat' dir='ltr'>satis</span> <span class='ocrx_word' id='word_1_142' title='bbox 520 2360 601 2425; x_wconf 89' lang='lat' dir='ltr'>esse;</span> <span class='ocrx_word' id='word_1_143' title='bbox 630 2342 671 2406; x_wconf 91' lang='lat' dir='ltr'>ad</span> <span class='ocrx_word' id='word_1_144' title='bbox 692 2343 807 2427; x_wconf 93' lang='lat' dir='ltr'>reliqui</span> <span class='ocrx_word' id='word_1_145' title='bbox 833 2343 983 2426; x_wconf 90' lang='lat' dir='ltr'>temporis</span> <span class='ocrx_word' id='word_1_146' title='bbox 1004 2360 1113 2426; x_wconf 86' lang='lat' dir='ltr'>paoem</span> <span class='ocrx_word' id='word_1_147' title='bbox 1135 2345 1181 2406; x_wconf 87' lang='lat' dir='ltr'>at·</span> 
     </span>
     <span class='ocr_line' id='line_1_21' title="bbox 128 2447 1181 2533; baseline -0.001 -20"><span class='ocrx_word' id='word_1_148' title='bbox 128 2467 191 2533; x_wconf 91' lang='lat' dir='ltr'>que</span> <span class='ocrx_word' id='word_1_149' title='bbox 214 2449 314 2513; x_wconf 89' lang='lat' dir='ltr'>otium</span> <span class='ocrx_word' id='word_1_150' title='bbox 337 2468 450 2532; x_wconf 84' lang='lat' dir='ltr'>parum</span> <span class='ocrx_word' id='word_1_151' title='bbox 472 2448 595 2532; x_wconf 83' lang='lat' dir='ltr'>profici3</span> <span class='ocrx_word' id='word_1_152' title='bbox 627 2447 801 2513; x_wconf 90' lang='lat' dir='ltr'>maioribus</span> <span class='ocrx_word' id='word_1_153' title='bbox 828 2449 914 2513; x_wconf 91' lang='lat' dir='ltr'>enim</span> <span class='ocrx_word' id='word_1_154' title='bbox 940 2449 1056 2513; x_wconf 89' lang='lat' dir='ltr'>coactis</span> <span class='ocrx_word' id='word_1_155' title='bbox 1082 2447 1181 2531; x_wconf 88' lang='lat' dir='ltr'>copiis</span> 
     </span>
     <span class='ocr_line' id='line_1_22' title="bbox 126 2553 1181 2639; baseline -0.002 -20"><span class='ocrx_word' id='word_1_156' title='bbox 126 2573 309 2621; x_wconf 88' lang='lat' dir='ltr'>reversuros</span> <span class='ocrx_word' id='word_1_157' title='bbox 340 2573 445 2638; x_wconf 90' lang='lat' dir='ltr'>neque</span> <span class='ocrx_word' id='word_1_158' title='bbox 480 2553 577 2619; x_wconf 91' lang='lat' dir='ltr'>finem</span> <span class='ocrx_word' id='word_1_159' title='bbox 612 2554 753 2620; x_wconf 93' lang='lat' dir='ltr'>bellandi</span> <span class='ocrx_word' id='word_1_160' title='bbox 782 2555 928 2619; x_wconf 90' lang='lat' dir='ltr'>facturos.</span> <span class='ocrx_word' id='word_1_161' title='bbox 981 2553 1115 2639; x_wconf 91' lang='lat' dir='ltr'>proinde</span> <span class='ocrx_word' id='word_1_162' title='bbox 1146 2553 1181 2617; x_wconf 94' lang='lat' dir='ltr'>in</span> 
     </span>
     <span class='ocr_line' id='line_1_23' title="bbox 127 2660 1208 2746; baseline 0.002 -20"><span class='ocrx_word' id='word_1_163' title='bbox 127 2663 252 2746; x_wconf 83' lang='lat' dir='ltr'>agmine</span> <span class='ocrx_word' id='word_1_164' title='bbox 282 2661 452 2745; x_wconf 90' lang='lat' dir='ltr'>impeditos</span> <span class='ocrx_word' id='word_1_165' title='bbox 483 2660 674 2725; x_wconf 88' lang='lat' dir='ltr'>adoriantur.</span> <span class='ocrx_word' id='word_1_166' title='bbox 719 2661 747 2725; x_wconf 95' lang='lat' dir='ltr'>si</span> <span class='ocrx_word' id='word_1_167' title='bbox 777 2661 898 2744; x_wconf 87' lang='lat' dir='ltr'>pedites</span> <span class='ocrx_word' id='word_1_168' title='bbox 928 2660 994 2726; x_wconf 89' lang='lat' dir='ltr'>suis</span> <span class='ocrx_word' id='word_1_169' title='bbox 1026 2660 1208 2728; x_wconf 81' lang='lat' dir='ltr'>auxiliums</span> 
     </span>
     <span class='ocr_line' id='line_1_24' title="bbox 127 2766 1182 2853; baseline -0.001 -23"><span class='ocrx_word' id='word_1_170' title='bbox 127 2767 231 2832; x_wconf 83' lang='lat' dir='ltr'>ferant</span> <span class='ocrx_word' id='word_1_171' title='bbox 253 2771 348 2849; x_wconf 92' lang='lat' dir='ltr'>atque</span> <span class='ocrx_word' id='word_1_172' title='bbox 370 2767 405 2831; x_wconf 93' lang='lat' dir='ltr'>in</span> <span class='ocrx_word' id='word_1_173' title='bbox 428 2786 465 2832; x_wconf 92' lang='lat' dir='ltr'>eo</span> <span class='ocrx_word' id='word_1_174' title='bbox 480 2771 657 2853; x_wconf 83' lang='lat' dir='ltr'>morentur,</span> <span class='ocrx_word' id='word_1_175' title='bbox 679 2767 741 2832; x_wconf 92' lang='lat' dir='ltr'>iter</span> <span class='ocrx_word' id='word_1_176' title='bbox 754 2767 856 2832; x_wconf 90' lang='lat' dir='ltr'>facere</span> <span class='ocrx_word' id='word_1_177' title='bbox 880 2786 944 2832; x_wconf 90' lang='lat' dir='ltr'>non</span> <span class='ocrx_word' id='word_1_178' title='bbox 958 2786 1063 2850; x_wconf 86' lang='lat' dir='ltr'>posse;</span> <span class='ocrx_word' id='word_1_179' title='bbox 1087 2767 1125 2849; x_wconf 90' lang='lat' dir='ltr'>si,</span> <span class='ocrx_word' id='word_1_180' title='bbox 1147 2766 1182 2830; x_wconf 92' lang='lat' dir='ltr'>id</span> 
     </span>
     <span class='ocr_line' id='line_1_25' title="bbox 129 2872 1182 2958; baseline -0.001 -21"><span class='ocrx_word' id='word_1_181' title='bbox 129 2873 215 2954; x_wconf 91' lang='lat' dir='ltr'>quod</span> <span class='ocrx_word' id='word_1_182' title='bbox 236 2874 336 2957; x_wconf 89' lang='lat' dir='ltr'>magis</span> <span class='ocrx_word' id='word_1_183' title='bbox 358 2873 501 2937; x_wconf 87' lang='lat' dir='ltr'>futurum</span> <span class='ocrx_word' id='word_1_184' title='bbox 524 2872 674 2957; x_wconf 90' lang='lat' dir='ltr'>confidat,</span> <span class='ocrx_word' id='word_1_185' title='bbox 700 2874 819 2938; x_wconf 83' lang='lat' dir='ltr'>relictis</span> <span class='ocrx_word' id='word_1_186' title='bbox 845 2873 1079 2958; x_wconf 89' lang='lat' dir='ltr'>impedimentis</span> <span class='ocrx_word' id='word_1_187' title='bbox 1106 2889 1182 2937; x_wconf 88' lang='lat' dir='ltr'>suae</span> 
     </span>
     <span class='ocr_line' id='line_1_26' title="bbox 129 2977 1183 3063; baseline 0.002 -22"><span class='ocrx_word' id='word_1_188' title='bbox 129 2977 223 3042; x_wconf 90' lang='lat' dir='ltr'>saluti</span> <span class='ocrx_word' id='word_1_189' title='bbox 245 2978 425 3063; x_wconf 88' lang='lat' dir='ltr'>consulant,</span> <span class='ocrx_word' id='word_1_190' title='bbox 449 2983 480 3043; x_wconf 92' lang='lat' dir='ltr'>et</span> <span class='ocrx_word' id='word_1_191' title='bbox 501 2999 562 3044; x_wconf 90' lang='lat' dir='ltr'>usu</span> <span class='ocrx_word' id='word_1_192' title='bbox 583 2998 691 3044; x_wconf 90' lang='lat' dir='ltr'>rerum</span> <span class='ocrx_word' id='word_1_193' title='bbox 713 2979 962 3044; x_wconf 87' lang='lat' dir='ltr'>necessariarum</span> <span class='ocrx_word' id='word_1_194' title='bbox 984 2982 1017 3044; x_wconf 87' lang='lat' dir='ltr'>et</span> <span class='ocrx_word' id='word_1_195' title='bbox 1030 2978 1183 3062; x_wconf 86' lang='lat' dir='ltr'>dignitate</span> 
     </span>
     <span class='ocr_line' id='line_1_27' title="bbox 129 3084 1209 3170; baseline 0.003 -22"><span class='ocrx_word' id='word_1_196' title='bbox 129 3084 300 3168; x_wconf 86' lang='lat' dir='ltr'>spoliatum</span> <span class='ocrx_word' id='word_1_197' title='bbox 313 3084 363 3147; x_wconf 93' lang='lat' dir='ltr'>iri.</span> <span class='ocrx_word' id='word_1_198' title='bbox 390 3103 465 3148; x_wconf 89' lang='lat' dir='ltr'>nam</span> <span class='ocrx_word' id='word_1_199' title='bbox 481 3086 520 3150; x_wconf 92' lang='lat' dir='ltr'>de</span> <span class='ocrx_word' id='word_1_200' title='bbox 535 3085 856 3170; x_wconf 87' lang='lat' dir='ltr'>equitibushostinm,</span> <span class='ocrx_word' id='word_1_201' title='bbox 872 3086 949 3168; x_wconf 92' lang='lat' dir='ltr'>quin</span> <span class='ocrx_word' id='word_1_202' title='bbox 964 3102 1057 3149; x_wconf 90' lang='lat' dir='ltr'>nemo</span> <span class='ocrx_word' id='word_1_203' title='bbox 1073 3102 1209 3170; x_wconf 70' lang='lat' dir='ltr'>eorume</span> 
     </span>
     <span class='ocr_line' id='line_1_28' title="bbox 129 3189 1183 3274; baseline 0.001 -21"><span class='ocrx_word' id='word_1_204' title='bbox 129 3189 276 3273; x_wconf 90' lang='lat' dir='ltr'>progredi</span> <span class='ocrx_word' id='word_1_205' title='bbox 297 3190 391 3253; x_wconf 91' lang='lat' dir='ltr'>modo</span> <span class='ocrx_word' id='word_1_206' title='bbox 415 3194 506 3254; x_wconf 84' lang='lat' dir='ltr'>entra</span> <span class='ocrx_word' id='word_1_207' title='bbox 522 3209 635 3274; x_wconf 88' lang='lat' dir='ltr'>agmen</span> <span class='ocrx_word' id='word_1_208' title='bbox 654 3190 781 3273; x_wconf 87' lang='lat' dir='ltr'>audeat,</span> <span class='ocrx_word' id='word_1_209' title='bbox 803 3208 845 3255; x_wconf 93' lang='lat' dir='ltr'>ne</span> <span class='ocrx_word' id='word_1_210' title='bbox 867 3191 954 3274; x_wconf 90' lang='lat' dir='ltr'>ipsos</span> <span class='ocrx_word' id='word_1_211' title='bbox 976 3189 1106 3272; x_wconf 89' lang='lat' dir='ltr'>quidem</span> <span class='ocrx_word' id='word_1_212' title='bbox 1129 3189 1183 3254; x_wconf 92' lang='lat' dir='ltr'>de-</span> 
     </span>
     <span class='ocr_line' id='line_1_29' title="bbox 129 3293 1183 3380; baseline 0.002 -22"><span class='ocrx_word' id='word_1_213' title='bbox 129 3295 205 3360; x_wconf 92' lang='lat' dir='ltr'>bere</span> <span class='ocrx_word' id='word_1_214' title='bbox 232 3293 383 3359; x_wconf 87' lang='lat' dir='ltr'>dubitare.</span> <span class='ocrx_word' id='word_1_215' title='bbox 429 3294 463 3358; x_wconf 90' lang='lat' dir='ltr'>id</span> <span class='ocrx_word' id='word_1_216' title='bbox 491 3314 553 3379; x_wconf 91' lang='lat' dir='ltr'>quo</span> <span class='ocrx_word' id='word_1_217' title='bbox 579 3297 699 3360; x_wconf 87' lang='lat' dir='ltr'>maiore</span> <span class='ocrx_word' id='word_1_218' title='bbox 724 3296 841 3360; x_wconf 79' lang='lat' dir='ltr'>faciant</span> <span class='ocrx_word' id='word_1_219' title='bbox 867 3296 986 3380; x_wconf 86' lang='lat' dir='ltr'>animo,</span> <span class='ocrx_word' id='word_1_220' title='bbox 1018 3296 1122 3378; x_wconf 89' lang='lat' dir='ltr'>copias</span> <span class='ocrx_word' id='word_1_221' title='bbox 1148 3312 1183 3360; x_wconf 90' lang='lat' dir='ltr'>se</span> 
     </span>
     <span class='ocr_line' id='line_1_30' title="bbox 131 3400 1183 3484; baseline 0.001 -19"><span class='ocrx_word' id='word_1_222' title='bbox 131 3419 240 3465; x_wconf 93' lang='lat' dir='ltr'>omnes</span> <span class='ocrx_word' id='word_1_223' title='bbox 261 3420 318 3484; x_wconf 91' lang='lat' dir='ltr'>pro</span> <span class='ocrx_word' id='word_1_224' title='bbox 341 3400 453 3465; x_wconf 86' lang='lat' dir='ltr'>eastris</span> <span class='ocrx_word' id='word_1_225' title='bbox 475 3400 658 3464; x_wconf 89' lang='lat' dir='ltr'>habiturum</span> <span class='ocrx_word' id='word_1_226' title='bbox 681 3405 712 3466; x_wconf 91' lang='lat' dir='ltr'>et</span> <span class='ocrx_word' id='word_1_227' title='bbox 733 3402 845 3466; x_wconf 87' lang='lat' dir='ltr'>terrori</span> <span class='ocrx_word' id='word_1_228' title='bbox 867 3400 1010 3466; x_wconf 88' lang='lat' dir='ltr'>hostibus</span> <span class='ocrx_word' id='word_1_229' title='bbox 1031 3401 1183 3466; x_wconf 86' lang='lat' dir='ltr'>futurum.</span> 
     </span>
     <span class='ocr_line' id='line_1_31' title="bbox 130 3507 1210 3590; baseline 0.004 -19"><span class='ocrx_word' id='word_1_230' title='bbox 130 3507 330 3571; x_wconf 85' lang='lat' dir='ltr'>conclamant</span> <span class='ocrx_word' id='word_1_231' title='bbox 357 3508 479 3590; x_wconf 87' lang='lat' dir='ltr'>equites</span> <span class='ocrx_word' id='word_1_232' title='bbox 510 3507 708 3572; x_wconf 87' lang='lat' dir='ltr'>sanctissimo</span> <span class='ocrx_word' id='word_1_233' title='bbox 739 3508 810 3572; x_wconf 91' lang='lat' dir='ltr'>iure</span> <span class='ocrx_word' id='word_1_234' title='bbox 841 3507 976 3572; x_wconf 85' lang='lat' dir='ltr'>iurando</span> <span class='ocrx_word' id='word_1_235' title='bbox 1004 3507 1210 3575; x_wconf 73' lang='lat' dir='ltr'>confirmaris</span> 
     </span>
     <span class='ocr_line' id='line_1_32' title="bbox 131 3612 1184 3697; baseline -0.001 -20"><span class='ocrx_word' id='word_1_236' title='bbox 131 3618 285 3697; x_wconf 91' lang='lat' dir='ltr'>oportere,</span> <span class='ocrx_word' id='word_1_237' title='bbox 308 3631 349 3677; x_wconf 93' lang='lat' dir='ltr'>ne</span> <span class='ocrx_word' id='word_1_238' title='bbox 373 3617 455 3677; x_wconf 87' lang='lat' dir='ltr'>tecto</span> <span class='ocrx_word' id='word_1_239' title='bbox 479 3612 658 3696; x_wconf 89' lang='lat' dir='ltr'>recipiatur,</span> <span class='ocrx_word' id='word_1_240' title='bbox 680 3631 721 3678; x_wconf 94' lang='lat' dir='ltr'>ne</span> <span class='ocrx_word' id='word_1_241' title='bbox 742 3613 783 3676; x_wconf 91' lang='lat' dir='ltr'>ad</span> <span class='ocrx_word' id='word_1_242' title='bbox 801 3612 931 3695; x_wconf 92' lang='lat' dir='ltr'>liberos,</span> <span class='ocrx_word' id='word_1_243' title='bbox 952 3632 994 3679; x_wconf 95' lang='lat' dir='ltr'>ne</span> <span class='ocrx_word' id='word_1_244' title='bbox 1014 3613 1055 3677; x_wconf 88' lang='lat' dir='ltr'>ad</span> <span class='ocrx_word' id='word_1_245' title='bbox 1073 3631 1184 3697; x_wconf 88' lang='lat' dir='ltr'>paren-</span> 
     </span>
     <span class='ocr_line' id='line_1_33' title="bbox 130 3717 1184 3803; baseline -0.002 -19"><span class='ocrx_word' id='word_1_246' title='bbox 130 3724 190 3802; x_wconf 92' lang='lat' dir='ltr'>tes,</span> <span class='ocrx_word' id='word_1_247' title='bbox 213 3736 255 3782; x_wconf 92' lang='lat' dir='ltr'>ne</span> <span class='ocrx_word' id='word_1_248' title='bbox 270 3718 310 3782; x_wconf 91' lang='lat' dir='ltr'>ad</span> <span class='ocrx_word' id='word_1_249' title='bbox 325 3736 458 3783; x_wconf 85' lang='lat' dir='ltr'>uxorem</span> <span class='ocrx_word' id='word_1_250' title='bbox 474 3717 595 3782; x_wconf 87' lang='lat' dir='ltr'>aditum</span> <span class='ocrx_word' id='word_1_251' title='bbox 610 3719 734 3802; x_wconf 88' lang='lat' dir='ltr'>habeat,</span> <span class='ocrx_word' id='word_1_252' title='bbox 758 3719 815 3802; x_wconf 89' lang='lat' dir='ltr'>qui</span> <span class='ocrx_word' id='word_1_253' title='bbox 836 3738 904 3783; x_wconf 93' lang='lat' dir='ltr'>non</span> <span class='ocrx_word' id='word_1_254' title='bbox 924 3719 973 3784; x_wconf 91' lang='lat' dir='ltr'>bis</span> <span class='ocrx_word' id='word_1_255' title='bbox 995 3738 1053 3803; x_wconf 89' lang='lat' dir='ltr'>per</span> <span class='ocrx_word' id='word_1_256' title='bbox 1070 3737 1184 3803; x_wconf 88' lang='lat' dir='ltr'>agmen</span> 
     </span>
     <span class='ocr_line' id='line_1_34' title="bbox 130 3823 1236 3908; baseline 0.003 -19"><span class='ocrx_word' id='word_1_257' title='bbox 130 3825 270 3890; x_wconf 91' lang='lat' dir='ltr'>bostium</span> <span class='ocrx_word' id='word_1_258' title='bbox 283 3824 497 3908; x_wconf 88' lang='lat' dir='ltr'>perequitarit</span> <span class='ocrx_word' id='word_1_259' title='bbox 535 3823 672 3889; x_wconf 90' lang='lat' dir='ltr'>Probata</span> <span class='ocrx_word' id='word_1_260' title='bbox 686 3844 721 3890; x_wconf 94' lang='lat' dir='ltr'>re</span> <span class='ocrx_word' id='word_1_261' title='bbox 737 3829 831 3907; x_wconf 87' lang='lat' dir='ltr'>atque</span> <span class='ocrx_word' id='word_1_262' title='bbox 847 3825 995 3890; x_wconf 90' lang='lat' dir='ltr'>omnibus</span> <span class='ocrx_word' id='word_1_263' title='bbox 1014 3825 1054 3889; x_wconf 83' lang='lat' dir='ltr'>ed</span> <span class='ocrx_word' id='word_1_264' title='bbox 1068 3826 1120 3890; x_wconf 89' lang='lat' dir='ltr'>ius</span> <span class='ocrx_word' id='word_1_265' title='bbox 1135 3825 1183 3889; x_wconf 93' lang='lat' dir='ltr'>iu·</span> <span class='ocrx_word' id='word_1_266' title='bbox 1200 3835 1236 3892; x_wconf 73' lang='lat' dir='ltr'>ol</span> 
     </span>
     <span class='ocr_line' id='line_1_35' title="bbox 129 3929 1186 4015; baseline -0.001 -20"><span class='ocrx_word' id='word_1_267' title='bbox 129 3931 266 3995; x_wconf 89' lang='lat' dir='ltr'>randum</span> <span class='ocrx_word' id='word_1_268' title='bbox 288 3929 406 3993; x_wconf 88' lang='lat' dir='ltr'>adactis</span> <span class='ocrx_word' id='word_1_269' title='bbox 428 3933 553 4013; x_wconf 90' lang='lat' dir='ltr'>postero</span> <span class='ocrx_word' id='word_1_270' title='bbox 577 3931 628 3996; x_wconf 92' lang='lat' dir='ltr'>die</span> <span class='ocrx_word' id='word_1_271' title='bbox 650 3931 685 3994; x_wconf 95' lang='lat' dir='ltr'>in</span> <span class='ocrx_word' id='word_1_272' title='bbox 707 3936 770 3996; x_wconf 89' lang='lat' dir='ltr'>tres</span> <span class='ocrx_word' id='word_1_273' title='bbox 792 3936 896 4015; x_wconf 87' lang='lat' dir='ltr'>partes</span> <span class='ocrx_word' id='word_1_274' title='bbox 911 3931 1079 3996; x_wconf 85' lang='lat' dir='ltr'>distributo</span> <span class='ocrx_word' id='word_1_275' title='bbox 1096 3931 1186 4014; x_wconf 92' lang='lat' dir='ltr'>equi·</span> 
     </span>
    </p>
   </div>
   <div class='ocr_carea' id='block_1_4' title="bbox 0 0 1374 4424">
    <p class='ocr_par' dir='ltr' id='par_1_5' title="bbox 0 0 1374 4424">
     <span class='ocr_line' id='line_1_36' title="bbox 0 0 1374 4424; baseline 0 0"><span class='ocrx_word' id='word_1_276' title='bbox 0 0 1374 4424; x_wconf 95' lang='lat' dir='ltr'> </span> 
     </span>
    </p>
   </div>
  </div>
 </body>
</html>
