2738 4424
445 285 552 340 LIBER
568 285 617 340 HL
638 285 713 341 CAP.
733 285 845 340 18-21.
1132 268 1174 333 59

117 448 280 513 Gallorum
307 447 410 511 alacer
436 466 473 512 ac
499 451 664 532 promptus
691 452 738 512 est
765 448 905 529 animus,
931 448 977 511 sic
1002 445 1107 511 mollis
1139 463 1177 510 ac

116 556 248 620 minime
270 554 420 618 resistens
444 552 484 617 ad
507 554 699 617 calamitates
714 553 860 617 ferendas
879 571 969 616 mens
987 571 1097 617 eorum
1119 557 1175 616 est

204 659 326 724 Eodem
356 660 421 725 fere
452 664 594 742 tempore
626 658 661 724 P.
689 658 835 741 Crassus,
870 678 945 723 cum
975 659 1009 722 in
1041 658 1176 740 Aquita·
1193 663 1230 722 tt

116 768 202 831 niam
230 766 440 850 pervenisset,
469 783 550 849 quae
580 763 688 850 [pars],
722 770 758 829 ut
786 770 860 829 ante
890 765 1011 829 dictum
1039 768 1098 848 est,
1132 761 1176 848 [et

116 874 283 957 regionum
309 873 476 936 latitudine
508 876 540 936 et
570 871 775 936 multitudine
802 870 979 955 hominum]
1007 875 1055 935 est
1085 870 1177 935 tertia

117 998 188 1063 pars
205 978 325 1044 Calliae
340 976 570 1062 [aestimanda],
593 997 667 1042 cum
682 977 880 1062 intellegeret
901 979 936 1040 in
958 977 998 1041 iis
1020 977 1099 1041 locis
1113 975 1176 1040 sibi

117 1085 237 1150 bellum
268 1083 457 1168 gerendum,
494 1083 550 1148 ubi
585 1085 695 1168 paucis
730 1089 803 1148 ante
839 1084 930 1148 aunis
962 1081 995 1148 L
1026 1082 1176 1147 Valerius

116 1191 333 1255 Praeconinus
355 1190 477 1274 legatus
500 1191 643 1255 exercitu
664 1191 756 1273 pulso
779 1189 963 1255 interfectus
986 1193 1067 1254 esset
1081 1192 1176 1271 atque

117 1299 202 1361 unde
230 1296 263 1361 L
291 1295 429 1360 Manlius
456 1296 627 1379 proconsul
654 1296 892 1381 impedimentis
920 1296 1043 1360 amissis
1070 1295 1176 1379 profu·

117 1406 226 1488 gisset,
258 1422 324 1467 non
354 1403 546 1468 mediocrem
574 1402 635 1467 sibi
663 1402 860 1486 diligentiam
890 1401 1100 1466 adhibendam
1127 1402 1175 1464 in·

117 1509 293 1593 tellegebat
338 1510 447 1591 itaque
469 1527 504 1573 re
526 1510 734 1573 frumentaria
760 1509 901 1593 provisa,
929 1508 1058 1572 auxiliis
1085 1507 1203 1591 equi-a

117 1621 249 1699 tatuque
272 1621 466 1698 comparato,
488 1614 596 1678 multis
619 1621 779 1699 praeterea
806 1615 882 1679 viris
909 1614 1043 1678 fortibus
1064 1614 1177 1679 Tolosa

117 1729 150 1785 et
171 1720 347 1786 Carcasone
369 1726 401 1786 et
423 1720 584 1804 Narbone,
608 1740 690 1804 quae
713 1727 789 1786 sunt
803 1722 945 1786 civitates
962 1720 1083 1785 Calliae
1105 1739 1176 1804 pro·

118 1828 241 1891 vinciae
255 1826 408 1890 finitimae
423 1826 473 1891 his
488 1827 685 1911 regionibus,
700 1828 891 1891 nominatim
907 1827 1044 1891 evocatis
1063 1826 1100 1889 in
1119 1824 1175 1890 So·

118 1935 245 1996 tiatium
264 1932 343 1996 fines
359 1933 536 1998 exercitum
556 1933 744 1997 introduxit
780 1935 872 1998 cuius
888 1933 1029 1998 adventu
1048 1932 1203 2016 cognitos

117 2037 253 2103 Sotiates
275 2039 400 2122 magnis
423 2039 524 2121 copiis
543 2040 659 2103 coactis
675 2040 893 2123 equitatuque,
918 2058 981 2123 quo
1004 2039 1176 2123 plurimum

118 2145 277 2229 valebant,
291 2146 326 2208 in
341 2145 455 2209 itinere
471 2163 583 2228 agmen
599 2149 745 2208 nostrum
760 2144 862 2208 adorti
876 2146 1016 2228 primum
1030 2149 1176 2226 equestre

115 2251 274 2337 proelium
295 2252 534 2333 commisemmt,
562 2251 677 2315 deinde
705 2253 847 2334 equitatu
873 2270 932 2315 suo
960 2250 1050 2335 pulso
1078 2255 1204 2333 atquel

114 2356 356 2440 insequentibus
378 2356 495 2421 nostris
510 2357 614 2421 subito
630 2357 789 2440 pedestres
812 2358 932 2442 copias,
955 2376 1034 2440 quas
1048 2358 1083 2420 in
1098 2374 1173 2419 eon·

115 2465 198 2529 valle
225 2464 260 2528 in
286 2463 410 2527 insidiis
438 2463 692 2547 conlocaverant,
724 2464 938 2528 ostenderunt.
988 2463 1023 2526 bi
1049 2467 1173 2527 nostros

116 2572 266 2636 disiectos
287 2569 389 2632 adorti
411 2569 568 2653 proelium
590 2574 792 2633 renovarunt
839 2570 1019 2654 Pugnatum
1046 2574 1094 2634 est
1117 2568 1172 2632 diu
1189 2575 1224 2631 21

115 2684 210 2761 atque
233 2677 358 2759 acriter,
385 2694 460 2739 cum
482 2673 616 2740 Sotiates
639 2675 859 2760 superioribus
881 2677 1023 2741 victoriis
1044 2675 1117 2740 freti
1139 2677 1173 2738 in

115 2802 174 2847 sua
206 2783 323 2846 virtute
355 2781 450 2845 totius
477 2782 668 2863 Aquitaniae
696 2783 830 2846 salutem
858 2784 992 2867 positam
1017 2786 1172 2867 putarent,

115 2889 215 2952 nostri
234 2894 352 2970 autem,
376 2886 455 2969 quid
473 2888 541 2951 sine
563 2888 752 2971 imperatore
775 2893 807 2952 et
829 2890 897 2953 sine
920 2889 1051 2972 reliquis
1075 2888 1172 2972 legio·

115 2993 211 3057 nibus
242 2992 480 3058 adulescentulo
509 2992 589 3057 duce
617 2993 741 3058 efficere
774 2999 915 3078 possent,
946 2994 1082 3078 perspici
1118 3012 1172 3057 cu-

117 3103 241 3183 perent3
265 3098 394 3162 tandem
416 3099 551 3163 confecti
575 3099 762 3165 vulneribus
776 3101 882 3165 hostes
898 3105 986 3184 terga
1000 3103 1172 3164 verterunt

117 3223 255 3287 quorum
276 3222 391 3287 magno
414 3224 548 3269 numero
573 3205 734 3270 interiecto
758 3204 890 3271 Crassus
918 3225 959 3270 ex
982 3206 1094 3269 itinere
1118 3224 1199 3289 op-a

115 3310 227 3395 pidum
255 3307 421 3374 Sotiatium
448 3328 630 3394 oppugnare
662 3312 772 3394 coepit
828 3311 944 3393 quibus
975 3311 1099 3375 fortiter
1124 3329 1172 3375 re·

116 3415 300 3482 sistentibus
315 3415 424 3479 vineas
440 3419 605 3499 turresque
622 3417 695 3500 egit
719 3416 764 3480 illi
778 3417 857 3482 alias
868 3419 1032 3501 eruptione
1043 3422 1200 3502 tempta-a

117 3528 161 3606 ta,
189 3522 267 3587 alias
294 3521 451 3585 cuniculis
473 3520 514 3584 ad
536 3541 682 3606 aggerem
705 3524 877 3608 vineasque
904 3526 993 3608 actis,
1016 3561 1058 3572 -
1082 3525 1174 3589 cuius

116 3631 163 3694 rei
185 3633 261 3694 sunt
282 3628 376 3712 longe
397 3628 581 3712 peritissimi
595 3629 760 3713 Aquitani,
783 3636 945 3715 propterea
965 3631 1050 3714 quod
1064 3631 1173 3696 multis

116 3736 197 3800 locis
211 3735 296 3819 apud
315 3752 369 3798 eos
384 3735 523 3799 aerariae
539 3740 743 3818 secturaeque
764 3742 851 3821 sunt,
874 3773 917 3784 -
933 3737 989 3802 ubi
1012 3738 1174 3822 diligentia

116 3846 297 3905 nostrorum
320 3840 400 3904 nibil
422 3841 471 3906 bis
486 3841 581 3906 rebus
596 3840 707 3926 profici
722 3860 814 3927 posse
831 3843 1067 3930 intellexerunt,
1090 3845 1174 3928 lega·

108 3952 167 4013 wtos
188 3947 229 4010 ad
252 3945 400 4011 Crassum
422 3948 565 4033 mittunt,
588 3966 686 4031 seque
708 3948 743 4012 in
761 3948 956 4015 deditionem
980 3957 1015 4017 ut
1036 3952 1175 4036 recipiat,
