<?xml version="1.0" encoding="UTF-8"?>
<!DOCTYPE html PUBLIC "-//W3C//DTD XHTML 1.0 Transitional//EN"
    "http://www.w3.org/TR/xhtml1/DTD/xhtml1-transitional.dtd">
<html xmlns="http://www.w3.org/1999/xhtml" xml:lang="en" lang="en">
 <head>
  <title>
</title>
<meta http-equiv="Content-Type" content="text/html;charset=utf-8" />
  <meta name='ocr-system' content='tesseract 3.04.00' />
  <meta name='ocr-capabilities' content='ocr_page ocr_carea ocr_par ocr_line ocrx_word'/>
</head>
<body>
  <div class='ocr_page' id='page_1' title='image "./ciuliicaesarisb02meusgoog_0197.png"; bbox 0 0 2738 4424; ppageno 0'>
   <div class='ocr_carea' id='block_1_1' title="bbox 444 255 1172 330">
    <p class='ocr_par' dir='ltr' id='par_1_1' title="bbox 444 255 1172 330">
     <span class='ocr_line' id='line_1_1' title="bbox 444 255 1172 330; baseline -0.011 -2"><span class='ocrx_word' id='word_1_1' title='bbox 444 271 552 328; x_wconf 76' lang='lat' dir='ltr'><strong>LIBER</strong></span> <span class='ocrx_word' id='word_1_2' title='bbox 568 272 643 328; x_wconf 85' lang='lat' dir='ltr'><strong>VHI.</strong></span> <span class='ocrx_word' id='word_1_3' title='bbox 663 273 740 329; x_wconf 77' lang='lat' dir='ltr'>oAP.</span> <span class='ocrx_word' id='word_1_4' title='bbox 757 273 844 330; x_wconf 83' lang='grc'><strong>2-6.</strong></span> <span class='ocrx_word' id='word_1_5' title='bbox 1109 255 1172 321; x_wconf 90' lang='grc'>181</span> 
     </span>
    </p>
   </div>
   <div class='ocr_carea' id='block_1_2' title="bbox 120 429 1212 4008">
    <p class='ocr_par' dir='ltr' id='par_1_2' title="bbox 120 429 1209 2298">
     <span class='ocr_line' id='line_1_2' title="bbox 120 429 1209 516; baseline 0.005 -21"><span class='ocrx_word' id='word_1_6' title='bbox 120 429 280 496; x_wconf 87' lang='lat' dir='ltr'>ficiscitur.</span> <span class='ocrx_word' id='word_1_7' title='bbox 326 429 406 498; x_wconf 81' lang='lat' dir='ltr'>(lum</span> <span class='ocrx_word' id='word_1_8' title='bbox 431 433 514 498; x_wconf 86' lang='lat' dir='ltr'>tama</span> <span class='ocrx_word' id='word_1_9' title='bbox 540 435 700 499; x_wconf 90' lang='lat' dir='ltr'>exercitus</span> <span class='ocrx_word' id='word_1_10' title='bbox 731 435 771 498; x_wconf 92' lang='lat' dir='ltr'>ad</span> <span class='ocrx_word' id='word_1_11' title='bbox 802 435 907 499; x_wconf 91' lang='lat' dir='ltr'>hostes</span> <span class='ocrx_word' id='word_1_12' title='bbox 938 437 1021 498; x_wconf 91' lang='lat' dir='ltr'>esset</span> <span class='ocrx_word' id='word_1_13' title='bbox 1046 434 1209 516; x_wconf 74' lang='lat' dir='ltr'>perlatae</span> 
     </span>
     <span class='ocr_line' id='line_1_3' title="bbox 121 537 1175 624; baseline 0.002 -23"><span class='ocrx_word' id='word_1_14' title='bbox 121 537 298 602; x_wconf 80' lang='lat' dir='ltr'>calamitate</span> <span class='ocrx_word' id='word_1_15' title='bbox 329 544 504 604; x_wconf 90' lang='lat' dir='ltr'>ceterorum</span> <span class='ocrx_word' id='word_1_16' title='bbox 528 540 612 604; x_wconf 91' lang='lat' dir='ltr'>docti</span> <span class='ocrx_word' id='word_1_17' title='bbox 639 538 793 605; x_wconf 79' lang='lat' dir='ltr'><strong>Carnutes</strong></span> <span class='ocrx_word' id='word_1_18' title='bbox 824 541 954 604; x_wconf 80' lang='lat' dir='ltr'>desertis</span> <span class='ocrx_word' id='word_1_19' title='bbox 980 539 1061 604; x_wconf 83' lang='lat' dir='ltr'>vicis</span> <span class='ocrx_word' id='word_1_20' title='bbox 1088 540 1175 624; x_wconf 92' lang='lat' dir='ltr'>oppi-</span> 
     </span>
     <span class='ocr_line' id='line_1_4' title="bbox 122 643 1175 729; baseline 0.003 -21"><span class='ocrx_word' id='word_1_21' title='bbox 122 643 248 727; x_wconf 85' lang='lat' dir='ltr'>disque,</span> <span class='ocrx_word' id='word_1_22' title='bbox 276 663 356 728; x_wconf 84' lang='lat' dir='ltr'>quae</span> <span class='ocrx_word' id='word_1_23' title='bbox 385 645 566 710; x_wconf 90' lang='lat' dir='ltr'>tolerandae</span> <span class='ocrx_word' id='word_1_24' title='bbox 592 647 707 710; x_wconf 88' lang='lat' dir='ltr'>hiemis</span> <span class='ocrx_word' id='word_1_25' title='bbox 729 665 825 710; x_wconf 86' lang='lat' dir='ltr'>causa</span> <span class='ocrx_word' id='word_1_26' title='bbox 846 645 1025 710; x_wconf 90' lang='lat' dir='ltr'>constitutis</span> <span class='ocrx_word' id='word_1_27' title='bbox 1047 653 1175 729; x_wconf 90' lang='lat' dir='ltr'>repente</span> 
     </span>
     <span class='ocr_line' id='line_1_5' title="bbox 123 750 1175 834; baseline 0.001 -20"><span class='ocrx_word' id='word_1_28' title='bbox 123 750 249 834; x_wconf 84' lang='lat' dir='ltr'>exiguis</span> <span class='ocrx_word' id='word_1_29' title='bbox 263 750 304 814; x_wconf 91' lang='lat' dir='ltr'>ad</span> <span class='ocrx_word' id='word_1_30' title='bbox 319 752 537 816; x_wconf 85' lang='lat' dir='ltr'>necessitatem</span> <span class='ocrx_word' id='word_1_31' title='bbox 552 751 704 815; x_wconf 88' lang='lat' dir='ltr'>aedificiis</span> <span class='ocrx_word' id='word_1_32' title='bbox 719 751 958 834; x_wconf 73' lang='lat' dir='ltr'>incolebant-</span> <span class='ocrx_word' id='word_1_33' title='bbox 972 770 1074 834; x_wconf 87' lang='lat' dir='ltr'>nuper</span> <span class='ocrx_word' id='word_1_34' title='bbox 1089 752 1175 815; x_wconf 92' lang='lat' dir='ltr'>enim</span> 
     </span>
     <span class='ocr_line' id='line_1_6' title="bbox 124 856 1174 941; baseline 0.001 -21"><span class='ocrx_word' id='word_1_35' title='bbox 124 856 240 921; x_wconf 82' lang='lat' dir='ltr'>devicti</span> <span class='ocrx_word' id='word_1_36' title='bbox 255 857 418 940; x_wconf 88' lang='lat' dir='ltr'>complura</span> <span class='ocrx_word' id='word_1_37' title='bbox 435 857 550 941; x_wconf 90' lang='lat' dir='ltr'>oppida</span> <span class='ocrx_word' id='word_1_38' title='bbox 569 858 750 939; x_wconf 90' lang='lat' dir='ltr'>amiserant,</span> <span class='ocrx_word' id='word_1_39' title='bbox 766 894 808 904; x_wconf 96' lang='lat'>-</span> <span class='ocrx_word' id='word_1_40' title='bbox 832 857 963 941; x_wconf 90' lang='lat' dir='ltr'>dispersi</span> <span class='ocrx_word' id='word_1_41' title='bbox 983 857 1174 941; x_wconf 70' lang='lat' dir='ltr'>profugiunt</span> 
     </span>
     <span class='ocr_line' id='line_1_7' title="bbox 123 959 1202 1047; baseline 0.002 -21"><span class='ocrx_word' id='word_1_42' title='bbox 123 959 239 1027; x_wconf 76' lang='lat' dir='ltr'>Caesar</span> <span class='ocrx_word' id='word_1_43' title='bbox 265 966 465 1046; x_wconf 87' lang='lat' dir='ltr'>erumpentes</span> <span class='ocrx_word' id='word_1_44' title='bbox 496 981 533 1026; x_wconf 93' lang='lat' dir='ltr'>eo</span> <span class='ocrx_word' id='word_1_45' title='bbox 561 964 700 1027; x_wconf 86' lang='lat' dir='ltr'>maxime</span> <span class='ocrx_word' id='word_1_46' title='bbox 731 968 870 1047; x_wconf 91' lang='lat' dir='ltr'>tempore</span> <span class='ocrx_word' id='word_1_47' title='bbox 901 964 1067 1045; x_wconf 80' lang='lat' dir='ltr'>acerrimas</span> <span class='ocrx_word' id='word_1_48' title='bbox 1098 967 1202 1036; x_wconf 79' lang='lat' dir='ltr'>tem-2</span> 
     </span>
     <span class='ocr_line' id='line_1_8' title="bbox 122 1067 1176 1153; baseline 0 -20"><span class='ocrx_word' id='word_1_49' title='bbox 122 1073 258 1152; x_wconf 85' lang='lat' dir='ltr'>pestates</span> <span class='ocrx_word' id='word_1_50' title='bbox 285 1086 359 1132; x_wconf 89' lang='lat' dir='ltr'>oum</span> <span class='ocrx_word' id='word_1_51' title='bbox 384 1067 492 1134; x_wconf 90' lang='lat' dir='ltr'>subire</span> <span class='ocrx_word' id='word_1_52' title='bbox 519 1069 637 1133; x_wconf 89' lang='lat' dir='ltr'>milites</span> <span class='ocrx_word' id='word_1_53' title='bbox 663 1069 774 1153; x_wconf 90' lang='lat' dir='ltr'>nollet,</span> <span class='ocrx_word' id='word_1_54' title='bbox 802 1069 837 1132; x_wconf 90' lang='lat' dir='ltr'>in</span> <span class='ocrx_word' id='word_1_55' title='bbox 864 1069 978 1152; x_wconf 92' lang='lat' dir='ltr'>oppido</span> <span class='ocrx_word' id='word_1_56' title='bbox 1003 1068 1176 1133; x_wconf 87' lang='lat' dir='ltr'>Carnutum</span> 
     </span>
     <span class='ocr_line' id='line_1_9' title="bbox 123 1172 1177 1258; baseline 0.002 -22"><span class='ocrx_word' id='word_1_57' title='bbox 123 1172 248 1238; x_wconf 81' lang='lat' dir='ltr'>Cenabo</span> <span class='ocrx_word' id='word_1_58' title='bbox 272 1179 374 1239; x_wconf 85' lang='lat' dir='ltr'>castra</span> <span class='ocrx_word' id='word_1_59' title='bbox 395 1175 485 1258; x_wconf 92' lang='lat' dir='ltr'>ponit</span> <span class='ocrx_word' id='word_1_60' title='bbox 507 1178 601 1258; x_wconf 92' lang='lat' dir='ltr'>atque</span> <span class='ocrx_word' id='word_1_61' title='bbox 623 1175 659 1237; x_wconf 92' lang='lat' dir='ltr'>in</span> <span class='ocrx_word' id='word_1_62' title='bbox 681 1180 763 1240; x_wconf 91' lang='lat' dir='ltr'>tecta</span> <span class='ocrx_word' id='word_1_63' title='bbox 784 1175 898 1258; x_wconf 87' lang='lat' dir='ltr'>partim</span> <span class='ocrx_word' id='word_1_64' title='bbox 914 1174 1083 1256; x_wconf 82' lang='lat' dir='ltr'>Gallorum,</span> <span class='ocrx_word' id='word_1_65' title='bbox 1106 1196 1177 1258; x_wconf 93' lang='lat' dir='ltr'>par-</span> 
     </span>
     <span class='ocr_line' id='line_1_10' title="bbox 123 1279 1177 1365; baseline 0 -20"><span class='ocrx_word' id='word_1_66' title='bbox 123 1281 180 1345; x_wconf 90' lang='lat' dir='ltr'>tim</span> <span class='ocrx_word' id='word_1_67' title='bbox 213 1299 294 1364; x_wconf 90' lang='lat' dir='ltr'>quae</span> <span class='ocrx_word' id='word_1_68' title='bbox 325 1281 457 1344; x_wconf 90' lang='lat' dir='ltr'>conlatis</span> <span class='ocrx_word' id='word_1_69' title='bbox 493 1281 634 1344; x_wconf 85' lang='lat' dir='ltr'>celeriter</span> <span class='ocrx_word' id='word_1_70' title='bbox 664 1281 843 1345; x_wconf 90' lang='lat' dir='ltr'>stramentis</span> <span class='ocrx_word' id='word_1_71' title='bbox 880 1279 1097 1365; x_wconf 91' lang='lat' dir='ltr'>[tentoriorum</span> <span class='ocrx_word' id='word_1_72' title='bbox 1128 1281 1177 1345; x_wconf 89' lang='lat' dir='ltr'>in·</span> 
     </span>
     <span class='ocr_line' id='line_1_11' title="bbox 122 1385 1176 1472; baseline 0.001 -21"><span class='ocrx_word' id='word_1_73' title='bbox 122 1387 330 1471; x_wconf 86' lang='lat' dir='ltr'>tegendorum</span> <span class='ocrx_word' id='word_1_74' title='bbox 360 1386 472 1471; x_wconf 79' lang='lat' dir='ltr'>gratia]</span> <span class='ocrx_word' id='word_1_75' title='bbox 505 1391 596 1451; x_wconf 88' lang='lat' dir='ltr'>erant</span> <span class='ocrx_word' id='word_1_76' title='bbox 625 1385 835 1469; x_wconf 89' lang='lat' dir='ltr'>inaedificata,</span> <span class='ocrx_word' id='word_1_77' title='bbox 866 1387 981 1452; x_wconf 89' lang='lat' dir='ltr'>milites</span> <span class='ocrx_word' id='word_1_78' title='bbox 1013 1389 1176 1472; x_wconf 82' lang='lat' dir='ltr'>compegit</span> 
     </span>
     <span class='ocr_line' id='line_1_12' title="bbox 123 1492 1203 1577; baseline 0 -20"><span class='ocrx_word' id='word_1_79' title='bbox 123 1493 247 1575; x_wconf 88' lang='lat' dir='ltr'>equites</span> <span class='ocrx_word' id='word_1_80' title='bbox 269 1497 376 1557; x_wconf 90' lang='lat' dir='ltr'>tamen</span> <span class='ocrx_word' id='word_1_81' title='bbox 398 1497 430 1556; x_wconf 90' lang='lat' dir='ltr'>et</span> <span class='ocrx_word' id='word_1_82' title='bbox 446 1492 629 1556; x_wconf 80' lang='lat' dir='ltr'>auxiliarios</span> <span class='ocrx_word' id='word_1_83' title='bbox 648 1492 770 1577; x_wconf 87' lang='lat' dir='ltr'>pedites</span> <span class='ocrx_word' id='word_1_84' title='bbox 792 1493 827 1555; x_wconf 93' lang='lat' dir='ltr'>in</span> <span class='ocrx_word' id='word_1_85' title='bbox 850 1511 959 1557; x_wconf 90' lang='lat' dir='ltr'>omnes</span> <span class='ocrx_word' id='word_1_86' title='bbox 980 1496 1083 1576; x_wconf 88' lang='lat' dir='ltr'>partes</span> <span class='ocrx_word' id='word_1_87' title='bbox 1103 1495 1203 1564; x_wconf 76' lang='lat' dir='ltr'>mit-s</span> 
     </span>
     <span class='ocr_line' id='line_1_13' title="bbox 122 1598 1174 1683; baseline 0.002 -21"><span class='ocrx_word' id='word_1_88' title='bbox 122 1599 173 1682; x_wconf 88' lang='lat' dir='ltr'>tit,</span> <span class='ocrx_word' id='word_1_89' title='bbox 206 1616 422 1682; x_wconf 86' lang='lat' dir='ltr'>quascumque</span> <span class='ocrx_word' id='word_1_90' title='bbox 452 1599 569 1683; x_wconf 92' lang='lat' dir='ltr'>petisse</span> <span class='ocrx_word' id='word_1_91' title='bbox 596 1598 781 1663; x_wconf 84' lang='lat' dir='ltr'>dicebantur</span> <span class='ocrx_word' id='word_1_92' title='bbox 806 1599 925 1679; x_wconf 87' lang='lat' dir='ltr'>bostes;</span> <span class='ocrx_word' id='word_1_93' title='bbox 957 1617 1018 1664; x_wconf 89' lang='lat' dir='ltr'>neo</span> <span class='ocrx_word' id='word_1_94' title='bbox 1046 1600 1174 1682; x_wconf 71' lang='lat' dir='ltr'>frustra,</span> 
     </span>
     <span class='ocr_line' id='line_1_14' title="bbox 123 1704 1176 1789; baseline 0.003 -22"><span class='ocrx_word' id='word_1_95' title='bbox 123 1722 198 1768; x_wconf 91' lang='lat' dir='ltr'>nam</span> <span class='ocrx_word' id='word_1_96' title='bbox 224 1704 411 1789; x_wconf 91' lang='lat' dir='ltr'>plerumque</span> <span class='ocrx_word' id='word_1_97' title='bbox 437 1724 552 1789; x_wconf 87' lang='lat' dir='ltr'>magna</span> <span class='ocrx_word' id='word_1_98' title='bbox 582 1704 697 1788; x_wconf 83' lang='lat' dir='ltr'>praeda</span> <span class='ocrx_word' id='word_1_99' title='bbox 723 1705 816 1788; x_wconf 94' lang='lat' dir='ltr'>potiti</span> <span class='ocrx_word' id='word_1_100' title='bbox 842 1705 941 1769; x_wconf 90' lang='lat' dir='ltr'>nostri</span> <span class='ocrx_word' id='word_1_101' title='bbox 966 1710 1176 1770; x_wconf 84' lang='lat' dir='ltr'>revertuntur.</span> 
     </span>
     <span class='ocr_line' id='line_1_15' title="bbox 124 1809 1203 1894; baseline 0.002 -21"><span class='ocrx_word' id='word_1_102' title='bbox 124 1811 266 1894; x_wconf 89' lang='lat' dir='ltr'>oppressi</span> <span class='ocrx_word' id='word_1_103' title='bbox 281 1809 433 1874; x_wconf 84' lang='lat' dir='ltr'>Carnutes</span> <span class='ocrx_word' id='word_1_104' title='bbox 452 1810 566 1874; x_wconf 89' lang='lat' dir='ltr'>hiemis</span> <span class='ocrx_word' id='word_1_105' title='bbox 582 1809 778 1892; x_wconf 84' lang='lat' dir='ltr'>difficultate,</span> <span class='ocrx_word' id='word_1_106' title='bbox 801 1814 918 1874; x_wconf 90' lang='lat' dir='ltr'>terrore</span> <span class='ocrx_word' id='word_1_107' title='bbox 933 1811 1080 1893; x_wconf 88' lang='lat' dir='ltr'>periculi,</span> <span class='ocrx_word' id='word_1_108' title='bbox 1103 1830 1203 1881; x_wconf 72' lang='lat' dir='ltr'>cumr</span> 
     </span>
     <span class='ocr_line' id='line_1_16' title="bbox 123 1915 1177 2000; baseline 0 -20"><span class='ocrx_word' id='word_1_109' title='bbox 123 1915 213 1980; x_wconf 89' lang='lat' dir='ltr'>tectis</span> <span class='ocrx_word' id='word_1_110' title='bbox 236 1915 361 2000; x_wconf 89' lang='lat' dir='ltr'>expulsi</span> <span class='ocrx_word' id='word_1_111' title='bbox 387 1916 477 1979; x_wconf 92' lang='lat' dir='ltr'>nullo</span> <span class='ocrx_word' id='word_1_112' title='bbox 503 1915 573 1980; x_wconf 88' lang='lat' dir='ltr'>loco</span> <span class='ocrx_word' id='word_1_113' title='bbox 602 1915 723 1978; x_wconf 91' lang='lat' dir='ltr'>diutius</span> <span class='ocrx_word' id='word_1_114' title='bbox 750 1916 921 1979; x_wconf 87' lang='lat' dir='ltr'>consistere</span> <span class='ocrx_word' id='word_1_115' title='bbox 944 1916 1097 1980; x_wconf 90' lang='lat' dir='ltr'>auderent</span> <span class='ocrx_word' id='word_1_116' title='bbox 1118 1935 1177 1980; x_wconf 91' lang='lat' dir='ltr'>nec</span> 
     </span>
     <span class='ocr_line' id='line_1_17' title="bbox 123 2020 1177 2107; baseline 0 -21"><span class='ocrx_word' id='word_1_117' title='bbox 123 2022 275 2086; x_wconf 88' lang='lat' dir='ltr'>silvarum</span> <span class='ocrx_word' id='word_1_118' title='bbox 296 2021 453 2105; x_wconf 88' lang='lat' dir='ltr'>praesidio</span> <span class='ocrx_word' id='word_1_119' title='bbox 481 2021 719 2105; x_wconf 90' lang='lat' dir='ltr'>tempestatibus</span> <span class='ocrx_word' id='word_1_120' title='bbox 746 2020 924 2086; x_wconf 87' lang='lat' dir='ltr'>durissimis</span> <span class='ocrx_word' id='word_1_121' title='bbox 950 2023 1014 2107; x_wconf 91' lang='lat' dir='ltr'>tegi</span> <span class='ocrx_word' id='word_1_122' title='bbox 1039 2025 1177 2107; x_wconf 80' lang='lat' dir='ltr'>possent,</span> 
     </span>
     <span class='ocr_line' id='line_1_18' title="bbox 123 2127 1176 2212; baseline 0.001 -21"><span class='ocrx_word' id='word_1_123' title='bbox 123 2127 256 2212; x_wconf 91' lang='lat' dir='ltr'>dispersi</span> <span class='ocrx_word' id='word_1_124' title='bbox 278 2147 392 2212; x_wconf 85' lang='lat' dir='ltr'>magna</span> <span class='ocrx_word' id='word_1_125' title='bbox 413 2131 501 2211; x_wconf 81' lang='lat' dir='ltr'>perte</span> <span class='ocrx_word' id='word_1_126' title='bbox 523 2129 638 2191; x_wconf 85' lang='lat' dir='ltr'>amissa</span> <span class='ocrx_word' id='word_1_127' title='bbox 659 2146 791 2192; x_wconf 90' lang='lat' dir='ltr'>suorum</span> <span class='ocrx_word' id='word_1_128' title='bbox 814 2127 1008 2210; x_wconf 89' lang='lat' dir='ltr'>dissipantur</span> <span class='ocrx_word' id='word_1_129' title='bbox 1030 2130 1064 2190; x_wconf 91' lang='lat' dir='ltr'>in</span> <span class='ocrx_word' id='word_1_130' title='bbox 1081 2127 1176 2192; x_wconf 91' lang='lat' dir='ltr'>finiti·</span> 
     </span>
     <span class='ocr_line' id='line_1_19' title="bbox 122 2233 365 2298; baseline -0.004 -1"><span class='ocrx_word' id='word_1_131' title='bbox 122 2253 191 2298; x_wconf 86' lang='lat' dir='ltr'>mas</span> <span class='ocrx_word' id='word_1_132' title='bbox 214 2233 365 2298; x_wconf 86' lang='lat' dir='ltr'>civitates.</span> 
     </span>
    </p>

    <p class='ocr_par' dir='ltr' id='par_1_3' title="bbox 122 2337 1212 4008">
     <span class='ocr_line' id='line_1_20' title="bbox 212 2337 1212 2423; baseline -0.001 -20"><span class='ocrx_word' id='word_1_133' title='bbox 212 2337 325 2405; x_wconf 79' lang='lat' dir='ltr'>Caesar</span> <span class='ocrx_word' id='word_1_134' title='bbox 350 2344 491 2423; x_wconf 92' lang='lat' dir='ltr'>tempore</span> <span class='ocrx_word' id='word_1_135' title='bbox 514 2340 590 2402; x_wconf 91' lang='lat' dir='ltr'>anni</span> <span class='ocrx_word' id='word_1_136' title='bbox 618 2338 820 2420; x_wconf 91' lang='lat' dir='ltr'>difficillimo,</span> <span class='ocrx_word' id='word_1_137' title='bbox 848 2357 921 2401; x_wconf 90' lang='lat' dir='ltr'>oum</span> <span class='ocrx_word' id='word_1_138' title='bbox 947 2339 1023 2402; x_wconf 88' lang='lat' dir='ltr'>satis</span> <span class='ocrx_word' id='word_1_139' title='bbox 1047 2338 1212 2411; x_wconf 76' lang='lat' dir='ltr'>haberete</span> 
     </span>
     <span class='ocr_line' id='line_1_21' title="bbox 123 2443 1177 2528; baseline -0.003 -16"><span class='ocrx_word' id='word_1_140' title='bbox 123 2446 349 2512; x_wconf 87' lang='lat' dir='ltr'>convenientes</span> <span class='ocrx_word' id='word_1_141' title='bbox 364 2463 478 2509; x_wconf 88' lang='lat' dir='ltr'>manus</span> <span class='ocrx_word' id='word_1_142' title='bbox 494 2443 662 2528; x_wconf 91' lang='lat' dir='ltr'>dissipare,</span> <span class='ocrx_word' id='word_1_143' title='bbox 677 2462 717 2507; x_wconf 92' lang='lat' dir='ltr'>ne</span> <span class='ocrx_word' id='word_1_144' title='bbox 733 2443 819 2527; x_wconf 92' lang='lat' dir='ltr'>quod</span> <span class='ocrx_word' id='word_1_145' title='bbox 833 2444 963 2508; x_wconf 90' lang='lat' dir='ltr'>initium</span> <span class='ocrx_word' id='word_1_146' title='bbox 979 2443 1055 2509; x_wconf 92' lang='lat' dir='ltr'>belli</span> <span class='ocrx_word' id='word_1_147' title='bbox 1069 2463 1177 2509; x_wconf 89' lang='lat' dir='ltr'>nasce·</span> 
     </span>
     <span class='ocr_line' id='line_1_22' title="bbox 122 2548 1178 2636; baseline -0.005 -18"><span class='ocrx_word' id='word_1_148' title='bbox 122 2557 222 2636; x_wconf 90' lang='lat' dir='ltr'>retur,</span> <span class='ocrx_word' id='word_1_149' title='bbox 249 2555 468 2636; x_wconf 90' lang='lat' dir='ltr'>quantumque</span> <span class='ocrx_word' id='word_1_150' title='bbox 497 2551 533 2613; x_wconf 91' lang='lat' dir='ltr'>in</span> <span class='ocrx_word' id='word_1_151' title='bbox 558 2551 680 2615; x_wconf 90' lang='lat' dir='ltr'>ratione</span> <span class='ocrx_word' id='word_1_152' title='bbox 703 2553 798 2634; x_wconf 90' lang='lat' dir='ltr'>esset,</span> <span class='ocrx_word' id='word_1_153' title='bbox 826 2549 1025 2633; x_wconf 85' lang='lat' dir='ltr'>exploratum</span> <span class='ocrx_word' id='word_1_154' title='bbox 1048 2548 1178 2615; x_wconf 88' lang='lat' dir='ltr'>haberet</span> 
     </span>
     <span class='ocr_line' id='line_1_23' title="bbox 122 2654 1178 2742; baseline -0.004 -18"><span class='ocrx_word' id='word_1_155' title='bbox 122 2659 183 2724; x_wconf 93' lang='lat' dir='ltr'>sub</span> <span class='ocrx_word' id='word_1_156' title='bbox 214 2664 338 2742; x_wconf 92' lang='lat' dir='ltr'>tempus</span> <span class='ocrx_word' id='word_1_157' title='bbox 370 2657 564 2722; x_wconf 86' lang='lat' dir='ltr'>aestivorum</span> <span class='ocrx_word' id='word_1_158' title='bbox 594 2656 720 2720; x_wconf 89' lang='lat' dir='ltr'>nullum</span> <span class='ocrx_word' id='word_1_159' title='bbox 749 2675 911 2720; x_wconf 92' lang='lat' dir='ltr'>summum</span> <span class='ocrx_word' id='word_1_160' title='bbox 938 2654 1055 2720; x_wconf 92' lang='lat' dir='ltr'>bellum</span> <span class='ocrx_word' id='word_1_161' title='bbox 1085 2675 1178 2740; x_wconf 91' lang='lat' dir='ltr'>posse</span> 
     </span>
     <span class='ocr_line' id='line_1_24' title="bbox 123 2761 1178 2847; baseline -0.002 -18"><span class='ocrx_word' id='word_1_162' title='bbox 123 2764 267 2847; x_wconf 90' lang='lat' dir='ltr'>conflari,</span> <span class='ocrx_word' id='word_1_163' title='bbox 286 2763 318 2827; x_wconf 84' lang='lat'>0.</span> <span class='ocrx_word' id='word_1_164' title='bbox 329 2763 521 2828; x_wconf 75' lang='lat' dir='ltr'>Trebonium</span> <span class='ocrx_word' id='word_1_165' title='bbox 536 2782 610 2827; x_wconf 88' lang='lat' dir='ltr'>curn</span> <span class='ocrx_word' id='word_1_166' title='bbox 625 2761 748 2826; x_wconf 86' lang='lat' dir='ltr'>duabus</span> <span class='ocrx_word' id='word_1_167' title='bbox 762 2761 954 2846; x_wconf 90' lang='lat' dir='ltr'>legionibus,</span> <span class='ocrx_word' id='word_1_168' title='bbox 972 2781 1051 2846; x_wconf 85' lang='lat' dir='ltr'>quas</span> <span class='ocrx_word' id='word_1_169' title='bbox 1068 2781 1178 2827; x_wconf 87' lang='lat' dir='ltr'>secum</span> 
     </span>
     <span class='ocr_line' id='line_1_25' title="bbox 123 2867 1204 2952; baseline 0.003 -19"><span class='ocrx_word' id='word_1_170' title='bbox 123 2869 270 2952; x_wconf 87' lang='lat' dir='ltr'>habebat,</span> <span class='ocrx_word' id='word_1_171' title='bbox 292 2871 327 2933; x_wconf 92' lang='lat' dir='ltr'>in</span> <span class='ocrx_word' id='word_1_172' title='bbox 349 2869 491 2934; x_wconf 92' lang='lat' dir='ltr'>hibernis</span> <span class='ocrx_word' id='word_1_173' title='bbox 507 2867 625 2932; x_wconf 84' lang='lat' dir='ltr'>Cenabi</span> <span class='ocrx_word' id='word_1_174' title='bbox 648 2867 840 2947; x_wconf 84' lang='lat' dir='ltr'>conlocavit3</span> <span class='ocrx_word' id='word_1_175' title='bbox 863 2868 943 2951; x_wconf 90' lang='lat' dir='ltr'>ipse,</span> <span class='ocrx_word' id='word_1_176' title='bbox 966 2886 1040 2932; x_wconf 91' lang='lat' dir='ltr'>cum</span> <span class='ocrx_word' id='word_1_177' title='bbox 1059 2867 1204 2936; x_wconf 84' lang='lat' dir='ltr'>crebrisr</span> 
     </span>
     <span class='ocr_line' id='line_1_26' title="bbox 123 2972 1178 3059; baseline -0.004 -21"><span class='ocrx_word' id='word_1_178' title='bbox 123 2974 337 3059; x_wconf 89' lang='lat' dir='ltr'>legationibus</span> <span class='ocrx_word' id='word_1_179' title='bbox 359 2973 530 3038; x_wconf 85' lang='lat' dir='ltr'>Remorum</span> <span class='ocrx_word' id='word_1_180' title='bbox 554 2974 669 3039; x_wconf 88' lang='lat' dir='ltr'>certior</span> <span class='ocrx_word' id='word_1_181' title='bbox 688 2972 777 3038; x_wconf 91' lang='lat' dir='ltr'>fieret</span> <span class='ocrx_word' id='word_1_182' title='bbox 799 2973 997 3055; x_wconf 85' lang='lat' dir='ltr'>Bellovacos,</span> <span class='ocrx_word' id='word_1_183' title='bbox 1025 2974 1081 3056; x_wconf 92' lang='lat' dir='ltr'>qui</span> <span class='ocrx_word' id='word_1_184' title='bbox 1103 2972 1178 3036; x_wconf 88' lang='lat' dir='ltr'>belli</span> 
     </span>
     <span class='ocr_line' id='line_1_27' title="bbox 124 3078 1178 3166; baseline -0.001 -22"><span class='ocrx_word' id='word_1_185' title='bbox 124 3081 227 3166; x_wconf 84' lang='lat' dir='ltr'>gloria</span> <span class='ocrx_word' id='word_1_186' title='bbox 253 3079 359 3144; x_wconf 82' lang='lat' dir='ltr'>Gades</span> <span class='ocrx_word' id='word_1_187' title='bbox 386 3098 494 3143; x_wconf 90' lang='lat' dir='ltr'>omnes</span> <span class='ocrx_word' id='word_1_188' title='bbox 520 3080 699 3163; x_wconf 88' lang='lat' dir='ltr'>Belgasque</span> <span class='ocrx_word' id='word_1_189' title='bbox 725 3078 939 3164; x_wconf 84' lang='lat' dir='ltr'>praestabant,</span> <span class='ocrx_word' id='word_1_190' title='bbox 965 3078 1178 3161; x_wconf 89' lang='lat' dir='ltr'>finitimasque</span> 
     </span>
     <span class='ocr_line' id='line_1_28' title="bbox 125 3182 1179 3251; baseline -0.002 -1"><span class='ocrx_word' id='word_1_191' title='bbox 125 3187 174 3251; x_wconf 91' lang='lat' dir='ltr'>his</span> <span class='ocrx_word' id='word_1_192' title='bbox 197 3186 341 3250; x_wconf 87' lang='lat' dir='ltr'>civitates</span> <span class='ocrx_word' id='word_1_193' title='bbox 368 3184 448 3249; x_wconf 92' lang='lat' dir='ltr'>duce</span> <span class='ocrx_word' id='word_1_194' title='bbox 476 3184 590 3249; x_wconf 81' lang='lat' dir='ltr'>Correo</span> <span class='ocrx_word' id='word_1_195' title='bbox 612 3185 781 3250; x_wconf 86' lang='lat' dir='ltr'>Bellovaco</span> <span class='ocrx_word' id='word_1_196' title='bbox 809 3188 841 3248; x_wconf 90' lang='lat' dir='ltr'>et</span> <span class='ocrx_word' id='word_1_197' title='bbox 862 3182 1005 3248; x_wconf 77' lang='lat' dir='ltr'>Commio</span> <span class='ocrx_word' id='word_1_198' title='bbox 1027 3182 1179 3248; x_wconf 83' lang='lat' dir='ltr'>Atrebate</span> 
     </span>
     <span class='ocr_line' id='line_1_29' title="bbox 125 3289 1180 3374; baseline -0.004 -18"><span class='ocrx_word' id='word_1_199' title='bbox 125 3293 284 3357; x_wconf 89' lang='lat' dir='ltr'>exercitus</span> <span class='ocrx_word' id='word_1_200' title='bbox 315 3309 496 3374; x_wconf 86' lang='lat' dir='ltr'>comparare</span> <span class='ocrx_word' id='word_1_201' title='bbox 527 3294 621 3373; x_wconf 89' lang='lat' dir='ltr'>atque</span> <span class='ocrx_word' id='word_1_202' title='bbox 651 3289 687 3352; x_wconf 91' lang='lat' dir='ltr'>in</span> <span class='ocrx_word' id='word_1_203' title='bbox 717 3309 819 3353; x_wconf 91' lang='lat' dir='ltr'>unum</span> <span class='ocrx_word' id='word_1_204' title='bbox 849 3290 956 3353; x_wconf 87' lang='lat' dir='ltr'>locum</span> <span class='ocrx_word' id='word_1_205' title='bbox 987 3307 1112 3373; x_wconf 90' lang='lat' dir='ltr'>cogere,</span> <span class='ocrx_word' id='word_1_206' title='bbox 1143 3293 1180 3352; x_wconf 94' lang='lat' dir='ltr'>ut</span> 
     </span>
     <span class='ocr_line' id='line_1_30' title="bbox 126 3392 1181 3478; baseline -0.004 -16"><span class='ocrx_word' id='word_1_207' title='bbox 126 3398 214 3462; x_wconf 91' lang='lat' dir='ltr'>omni</span> <span class='ocrx_word' id='word_1_208' title='bbox 235 3395 438 3461; x_wconf 85' lang='lat' dir='ltr'>multitudine</span> <span class='ocrx_word' id='word_1_209' title='bbox 464 3396 499 3459; x_wconf 89' lang='lat' dir='ltr'>in</span> <span class='ocrx_word' id='word_1_210' title='bbox 525 3393 604 3459; x_wconf 88' lang='lat' dir='ltr'>fines</span> <span class='ocrx_word' id='word_1_211' title='bbox 627 3392 846 3477; x_wconf 86' lang='lat' dir='ltr'>Suessionum,</span> <span class='ocrx_word' id='word_1_212' title='bbox 874 3394 931 3478; x_wconf 94' lang='lat' dir='ltr'>qui</span> <span class='ocrx_word' id='word_1_213' title='bbox 956 3394 1065 3459; x_wconf 86' lang='lat' dir='ltr'>Remis</span> <span class='ocrx_word' id='word_1_214' title='bbox 1092 3399 1181 3459; x_wconf 91' lang='lat' dir='ltr'>erant</span> 
     </span>
     <span class='ocr_line' id='line_1_31' title="bbox 126 3501 1180 3587; baseline -0.005 -18"><span class='ocrx_word' id='word_1_215' title='bbox 126 3503 281 3587; x_wconf 87' lang='lat' dir='ltr'>attributi,</span> <span class='ocrx_word' id='word_1_216' title='bbox 302 3502 440 3566; x_wconf 87' lang='lat' dir='ltr'>facerent</span> <span class='ocrx_word' id='word_1_217' title='bbox 460 3501 712 3585; x_wconf 89' lang='lat' dir='ltr'>impressionem,</span> <span class='ocrx_word' id='word_1_218' title='bbox 734 3501 891 3584; x_wconf 88' lang='lat' dir='ltr'>pertinere</span> <span class='ocrx_word' id='word_1_219' title='bbox 905 3505 1011 3565; x_wconf 87' lang='lat' dir='ltr'>autem</span> <span class='ocrx_word' id='word_1_220' title='bbox 1028 3519 1093 3564; x_wconf 91' lang='lat' dir='ltr'>non</span> <span class='ocrx_word' id='word_1_221' title='bbox 1112 3504 1180 3564; x_wconf 92' lang='lat' dir='ltr'>tan·</span> 
     </span>
     <span class='ocr_line' id='line_1_32' title="bbox 126 3605 1182 3692; baseline -0.003 -18"><span class='ocrx_word' id='word_1_222' title='bbox 126 3615 195 3674; x_wconf 92' lang='lat' dir='ltr'>tum</span> <span class='ocrx_word' id='word_1_223' title='bbox 217 3609 258 3673; x_wconf 92' lang='lat' dir='ltr'>ad</span> <span class='ocrx_word' id='word_1_224' title='bbox 281 3609 478 3692; x_wconf 85' lang='lat' dir='ltr'>dignitatem,</span> <span class='ocrx_word' id='word_1_225' title='bbox 500 3607 556 3672; x_wconf 93' lang='lat' dir='ltr'>sed</span> <span class='ocrx_word' id='word_1_226' title='bbox 579 3607 674 3670; x_wconf 91' lang='lat' dir='ltr'>etiam</span> <span class='ocrx_word' id='word_1_227' title='bbox 698 3605 738 3669; x_wconf 94' lang='lat' dir='ltr'>ad</span> <span class='ocrx_word' id='word_1_228' title='bbox 759 3605 892 3670; x_wconf 88' lang='lat' dir='ltr'>salutem</span> <span class='ocrx_word' id='word_1_229' title='bbox 914 3625 1006 3670; x_wconf 86' lang='lat' dir='ltr'>suam</span> <span class='ocrx_word' id='word_1_230' title='bbox 1027 3606 1182 3671; x_wconf 87' lang='lat' dir='ltr'>iudicaret</span> 
     </span>
     <span class='ocr_line' id='line_1_33' title="bbox 125 3712 1181 3796; baseline -0.005 -16"><span class='ocrx_word' id='word_1_231' title='bbox 125 3715 248 3780; x_wconf 85' lang='lat' dir='ltr'>nullam</span> <span class='ocrx_word' id='word_1_232' title='bbox 270 3714 481 3779; x_wconf 84' lang='lat' dir='ltr'>calamitatem</span> <span class='ocrx_word' id='word_1_233' title='bbox 506 3712 608 3777; x_wconf 90' lang='lat' dir='ltr'>socios</span> <span class='ocrx_word' id='word_1_234' title='bbox 631 3713 747 3795; x_wconf 89' lang='lat' dir='ltr'>optime</span> <span class='ocrx_word' id='word_1_235' title='bbox 775 3712 814 3776; x_wconf 93' lang='lat' dir='ltr'>de</span> <span class='ocrx_word' id='word_1_236' title='bbox 840 3712 1025 3796; x_wconf 87' lang='lat' dir='ltr'>republica</span> <span class='ocrx_word' id='word_1_237' title='bbox 1050 3712 1181 3776; x_wconf 90' lang='lat' dir='ltr'>meritos</span> 
     </span>
     <span class='ocr_line' id='line_1_34' title="bbox 127 3816 1209 3906; baseline -0.002 -19"><span class='ocrx_word' id='word_1_238' title='bbox 127 3823 281 3906; x_wconf 87' lang='lat' dir='ltr'>accipere,</span> <span class='ocrx_word' id='word_1_239' title='bbox 302 3819 461 3903; x_wconf 88' lang='lat' dir='ltr'>legionem</span> <span class='ocrx_word' id='word_1_240' title='bbox 483 3837 525 3883; x_wconf 86' lang='lat' dir='ltr'>ex</span> <span class='ocrx_word' id='word_1_241' title='bbox 546 3817 689 3883; x_wconf 90' lang='lat' dir='ltr'>hibernis</span> <span class='ocrx_word' id='word_1_242' title='bbox 712 3822 822 3883; x_wconf 86' lang='lat' dir='ltr'>evocat</span> <span class='ocrx_word' id='word_1_243' title='bbox 842 3837 952 3882; x_wconf 88' lang='lat' dir='ltr'>rursus</span> <span class='ocrx_word' id='word_1_244' title='bbox 967 3816 1040 3902; x_wconf 80' lang='lat' dir='ltr'>XL,</span> <span class='ocrx_word' id='word_1_245' title='bbox 1061 3818 1209 3893; x_wconf 84' lang='lat' dir='ltr'>litterass</span> 
     </span>
     <span class='ocr_line' id='line_1_35' title="bbox 126 3921 1182 4008; baseline -0.006 -16"><span class='ocrx_word' id='word_1_246' title='bbox 126 3931 232 3992; x_wconf 87' lang='lat' dir='ltr'>autem</span> <span class='ocrx_word' id='word_1_247' title='bbox 248 3925 288 3990; x_wconf 88' lang='lat' dir='ltr'>ad</span> <span class='ocrx_word' id='word_1_248' title='bbox 303 3925 336 3989; x_wconf 82' lang='lat' dir='ltr'>G.</span> <span class='ocrx_word' id='word_1_249' title='bbox 348 3923 482 3988; x_wconf 80' lang='lat' dir='ltr'>Fabium</span> <span class='ocrx_word' id='word_1_250' title='bbox 498 3923 606 4005; x_wconf 91' lang='lat' dir='ltr'>mittit,</span> <span class='ocrx_word' id='word_1_251' title='bbox 625 3926 662 3986; x_wconf 92' lang='lat' dir='ltr'>ut</span> <span class='ocrx_word' id='word_1_252' title='bbox 676 3924 711 3987; x_wconf 91' lang='lat' dir='ltr'>in</span> <span class='ocrx_word' id='word_1_253' title='bbox 725 3921 806 3987; x_wconf 89' lang='lat' dir='ltr'>fines</span> <span class='ocrx_word' id='word_1_254' title='bbox 821 3922 1027 3988; x_wconf 83' lang='lat' dir='ltr'>Suessionum</span> <span class='ocrx_word' id='word_1_255' title='bbox 1040 3922 1182 4008; x_wconf 89' lang='lat' dir='ltr'>legiones</span> 
     </span>
    </p>
   </div>
   <div class='ocr_carea' id='block_1_3' title="bbox 1198 4100 1288 4151">
    <p class='ocr_par' dir='ltr' id='par_1_4' title="bbox 1198 4100 1288 4151">
     <span class='ocr_line' id='line_1_36' title="bbox 1198 4100 1288 4151; baseline -0.022 1"><span class='ocrx_word' id='word_1_256' title='bbox 1198 4100 1288 4151; x_wconf 59' lang='lat' dir='ltr'>A</span> 
     </span>
    </p>
   </div>
   <div class='ocr_carea' id='block_1_4' title="bbox 0 0 1381 4424">
    <p class='ocr_par' dir='ltr' id='par_1_5' title="bbox 0 0 1381 4424">
     <span class='ocr_line' id='line_1_37' title="bbox 0 0 1381 4424; baseline 0 0"><span class='ocrx_word' id='word_1_257' title='bbox 0 0 1381 4424; x_wconf 95' lang='lat' dir='ltr'> </span> 
     </span>
    </p>
   </div>
  </div>
 </body>
</html>
