<?xml version="1.0" encoding="UTF-8"?>
<!DOCTYPE html PUBLIC "-//W3C//DTD XHTML 1.0 Transitional//EN"
    "http://www.w3.org/TR/xhtml1/DTD/xhtml1-transitional.dtd">
<html xmlns="http://www.w3.org/1999/xhtml" xml:lang="en" lang="en">
 <head>
  <title>
</title>
<meta http-equiv="Content-Type" content="text/html;charset=utf-8" />
  <meta name='ocr-system' content='tesseract 3.04.00' />
  <meta name='ocr-capabilities' content='ocr_page ocr_carea ocr_par ocr_line ocrx_word'/>
</head>
<body>
  <div class='ocr_page' id='page_1' title='image "./ciuliicaesarisb02meusgoog_0118.png"; bbox 0 0 2738 4424; ppageno 0'>
   <div class='ocr_carea' id='block_1_1' title="bbox 197 253 855 321">
    <p class='ocr_par' dir='ltr' id='par_1_1' title="bbox 197 253 855 321">
     <span class='ocr_line' id='line_1_1' title="bbox 197 253 855 321; baseline 0.005 -5"><span class='ocrx_word' id='word_1_1' title='bbox 197 253 259 317; x_wconf 89' lang='grc'>102</span> <span class='ocrx_word' id='word_1_2' title='bbox 591 265 696 321; x_wconf 76' lang='lat' dir='ltr'>BELLI</span> <span class='ocrx_word' id='word_1_3' title='bbox 713 263 855 320; x_wconf 76' lang='lat' dir='ltr'>GALLIOI</span> 
     </span>
    </p>
   </div>
   <div class='ocr_carea' id='block_1_2' title="bbox 165 425 1253 1887">
    <p class='ocr_par' dir='ltr' id='par_1_2' title="bbox 169 425 1253 1676">
     <span class='ocr_line' id='line_1_2' title="bbox 196 425 1253 511; baseline -0.003 -17"><span class='ocrx_word' id='word_1_4' title='bbox 196 448 305 494; x_wconf 88' lang='lat' dir='ltr'>omnes</span> <span class='ocrx_word' id='word_1_5' title='bbox 326 429 469 493; x_wconf 82' lang='lat' dir='ltr'><strong>fortunas</strong></span> <span class='ocrx_word' id='word_1_6' title='bbox 491 427 684 511; x_wconf 85' lang='lat' dir='ltr'>conflagrare</span> <span class='ocrx_word' id='word_1_7' title='bbox 710 427 942 510; x_wconf 78' lang='lat' dir='ltr'>intellegerent,</span> <span class='ocrx_word' id='word_1_8' title='bbox 968 445 1035 492; x_wconf 92' lang='lat' dir='ltr'>non</span> <span class='ocrx_word' id='word_1_9' title='bbox 1060 426 1154 490; x_wconf 94' lang='lat' dir='ltr'>modo</span> <span class='ocrx_word' id='word_1_10' title='bbox 1187 425 1253 510; x_wconf 89' lang='lat' dir='ltr'>[de-</span> 
     </span>
     <span class='ocr_line' id='line_1_3' title="bbox 194 533 1253 619; baseline 0 -21"><span class='ocrx_word' id='word_1_11' title='bbox 194 534 353 618; x_wconf 74' lang='lat' dir='ltr'>migrandi</span> <span class='ocrx_word' id='word_1_12' title='bbox 376 534 481 619; x_wconf 88' lang='lat' dir='ltr'>causa]</span> <span class='ocrx_word' id='word_1_13' title='bbox 509 534 548 599; x_wconf 91' lang='lat' dir='ltr'>de</span> <span class='ocrx_word' id='word_1_14' title='bbox 571 533 654 597; x_wconf 87' lang='lat' dir='ltr'>vallo</span> <span class='ocrx_word' id='word_1_15' title='bbox 677 533 845 598; x_wconf 84' lang='lat' dir='ltr'>decederet</span> <span class='ocrx_word' id='word_1_16' title='bbox 865 551 973 616; x_wconf 93' lang='lat' dir='ltr'>nemo,</span> <span class='ocrx_word' id='word_1_17' title='bbox 1000 533 1057 597; x_wconf 90' lang='lat' dir='ltr'>sed</span> <span class='ocrx_word' id='word_1_18' title='bbox 1083 551 1184 616; x_wconf 86' lang='lat' dir='ltr'>paene</span> <span class='ocrx_word' id='word_1_19' title='bbox 1210 551 1253 598; x_wconf 86' lang='lat' dir='ltr'>na</span> 
     </span>
     <span class='ocr_line' id='line_1_4' title="bbox 195 637 1252 723; baseline -0.003 -19"><span class='ocrx_word' id='word_1_20' title='bbox 195 641 365 723; x_wconf 82' lang='lat' dir='ltr'>respiceret</span> <span class='ocrx_word' id='word_1_21' title='bbox 387 639 516 722; x_wconf 91' lang='lat' dir='ltr'>quidem</span> <span class='ocrx_word' id='word_1_22' title='bbox 540 641 721 723; x_wconf 91' lang='lat' dir='ltr'>quisquam,</span> <span class='ocrx_word' id='word_1_23' title='bbox 744 658 780 702; x_wconf 90' lang='lat' dir='ltr'>ac</span> <span class='ocrx_word' id='word_1_24' title='bbox 803 643 873 703; x_wconf 93' lang='lat' dir='ltr'>tum</span> <span class='ocrx_word' id='word_1_25' title='bbox 891 657 999 703; x_wconf 91' lang='lat' dir='ltr'>omnes</span> <span class='ocrx_word' id='word_1_26' title='bbox 1020 639 1171 704; x_wconf 88' lang='lat' dir='ltr'>acerrime</span> <span class='ocrx_word' id='word_1_27' title='bbox 1188 637 1252 702; x_wconf 86' lang='lat' dir='ltr'>for·</span> 
     </span>
     <span class='ocr_line' id='line_1_5' title="bbox 170 744 1252 831; baseline -0.002 -21"><span class='ocrx_word' id='word_1_28' title='bbox 170 747 379 830; x_wconf 61' lang='lat' dir='ltr'>altissimeque</span> <span class='ocrx_word' id='word_1_29' title='bbox 400 750 587 831; x_wconf 84' lang='lat' dir='ltr'>pugnarent</span> <span class='ocrx_word' id='word_1_30' title='bbox 632 745 684 808; x_wconf 90' lang='lat' dir='ltr'>hic</span> <span class='ocrx_word' id='word_1_31' title='bbox 702 744 770 809; x_wconf 90' lang='lat' dir='ltr'>dies</span> <span class='ocrx_word' id='word_1_32' title='bbox 792 745 909 809; x_wconf 83' lang='lat' dir='ltr'>nostris</span> <span class='ocrx_word' id='word_1_33' title='bbox 927 745 1021 828; x_wconf 92' lang='lat' dir='ltr'>longe</span> <span class='ocrx_word' id='word_1_34' title='bbox 1043 744 1252 828; x_wconf 87' lang='lat' dir='ltr'>gravissimus</span> 
     </span>
     <span class='ocr_line' id='line_1_6' title="bbox 194 850 1252 937; baseline -0.003 -21"><span class='ocrx_word' id='word_1_35' title='bbox 194 853 267 937; x_wconf 89' lang='lat' dir='ltr'>fuit,</span> <span class='ocrx_word' id='word_1_36' title='bbox 290 853 347 918; x_wconf 88' lang='lat' dir='ltr'>sed</span> <span class='ocrx_word' id='word_1_37' title='bbox 369 858 474 917; x_wconf 87' lang='lat' dir='ltr'>tamen</span> <span class='ocrx_word' id='word_1_38' title='bbox 489 853 575 915; x_wconf 92' lang='lat' dir='ltr'>hunc</span> <span class='ocrx_word' id='word_1_39' title='bbox 589 851 702 915; x_wconf 89' lang='lat' dir='ltr'>habuit</span> <span class='ocrx_word' id='word_1_40' title='bbox 717 855 878 934; x_wconf 91' lang='lat' dir='ltr'>eventum,</span> <span class='ocrx_word' id='word_1_41' title='bbox 899 855 938 914; x_wconf 90' lang='lat' dir='ltr'>ut</span> <span class='ocrx_word' id='word_1_42' title='bbox 956 870 993 916; x_wconf 93' lang='lat' dir='ltr'>eo</span> <span class='ocrx_word' id='word_1_43' title='bbox 1017 850 1068 914; x_wconf 91' lang='lat' dir='ltr'>die</span> <span class='ocrx_word' id='word_1_44' title='bbox 1091 851 1252 914; x_wconf 83' lang='lat' dir='ltr'>maximus</span> 
     </span>
     <span class='ocr_line' id='line_1_7' title="bbox 194 955 1252 1040; baseline -0.001 -18"><span class='ocrx_word' id='word_1_45' title='bbox 194 977 347 1024; x_wconf 89' lang='lat' dir='ltr'>numerus</span> <span class='ocrx_word' id='word_1_46' title='bbox 368 959 508 1022; x_wconf 91' lang='lat' dir='ltr'>hostium</span> <span class='ocrx_word' id='word_1_47' title='bbox 528 957 750 1022; x_wconf 76' lang='lat' dir='ltr'>vulneraretur</span> <span class='ocrx_word' id='word_1_48' title='bbox 773 961 867 1039; x_wconf 88' lang='lat' dir='ltr'>atque</span> <span class='ocrx_word' id='word_1_49' title='bbox 889 955 1130 1040; x_wconf 83' lang='lat' dir='ltr'>interficeretur,</span> <span class='ocrx_word' id='word_1_50' title='bbox 1157 960 1195 1020; x_wconf 93' lang='lat' dir='ltr'>ut</span> <span class='ocrx_word' id='word_1_51' title='bbox 1217 976 1252 1021; x_wconf 92' lang='lat' dir='ltr'>se</span> 
     </span>
     <span class='ocr_line' id='line_1_8' title="bbox 195 1062 1252 1150; baseline -0.004 -20"><span class='ocrx_word' id='word_1_52' title='bbox 195 1066 254 1130; x_wconf 91' lang='lat' dir='ltr'>sub</span> <span class='ocrx_word' id='word_1_53' title='bbox 278 1066 346 1150; x_wconf 94' lang='lat' dir='ltr'>ipso</span> <span class='ocrx_word' id='word_1_54' title='bbox 369 1065 452 1128; x_wconf 83' lang='lat' dir='ltr'>vallo</span> <span class='ocrx_word' id='word_1_55' title='bbox 481 1065 735 1148; x_wconf 83' lang='lat' dir='ltr'>constipaverant</span> <span class='ocrx_word' id='word_1_56' title='bbox 760 1080 983 1145; x_wconf 83' lang='lat' dir='ltr'>recessumque</span> <span class='ocrx_word' id='word_1_57' title='bbox 1009 1062 1119 1147; x_wconf 86' lang='lat' dir='ltr'>primis</span> <span class='ocrx_word' id='word_1_58' title='bbox 1146 1063 1252 1126; x_wconf 89' lang='lat' dir='ltr'>ultimi</span> 
     </span>
     <span class='ocr_line' id='line_1_9' title="bbox 169 1167 1252 1254; baseline -0.002 -20"><span class='ocrx_word' id='word_1_59' title='bbox 169 1191 260 1244; x_wconf 59' lang='lat' dir='ltr'>anon</span> <span class='ocrx_word' id='word_1_60' title='bbox 282 1171 407 1234; x_wconf 88' lang='lat' dir='ltr'>dabant</span> <span class='ocrx_word' id='word_1_61' title='bbox 452 1169 583 1254; x_wconf 89' lang='lat' dir='ltr'>paulum</span> <span class='ocrx_word' id='word_1_62' title='bbox 606 1170 734 1253; x_wconf 89' lang='lat' dir='ltr'>quidem</span> <span class='ocrx_word' id='word_1_63' title='bbox 756 1168 936 1232; x_wconf 85' lang='lat' dir='ltr'>intermissa</span> <span class='ocrx_word' id='word_1_64' title='bbox 961 1167 1089 1231; x_wconf 90' lang='lat' dir='ltr'>flamma</span> <span class='ocrx_word' id='word_1_65' title='bbox 1115 1173 1147 1232; x_wconf 92' lang='lat' dir='ltr'>et</span> <span class='ocrx_word' id='word_1_66' title='bbox 1173 1187 1252 1251; x_wconf 90' lang='lat' dir='ltr'>quo·</span> 
     </span>
     <span class='ocr_line' id='line_1_10' title="bbox 194 1274 1252 1358; baseline -0.003 -17"><span class='ocrx_word' id='word_1_67' title='bbox 194 1278 267 1342; x_wconf 87' lang='lat' dir='ltr'>dam</span> <span class='ocrx_word' id='word_1_68' title='bbox 292 1277 363 1340; x_wconf 93' lang='lat' dir='ltr'>loco</span> <span class='ocrx_word' id='word_1_69' title='bbox 390 1276 470 1339; x_wconf 90' lang='lat' dir='ltr'>turri</span> <span class='ocrx_word' id='word_1_70' title='bbox 492 1276 603 1339; x_wconf 85' lang='lat' dir='ltr'>adacta</span> <span class='ocrx_word' id='word_1_71' title='bbox 629 1279 661 1339; x_wconf 88' lang='lat' dir='ltr'>et</span> <span class='ocrx_word' id='word_1_72' title='bbox 687 1275 888 1358; x_wconf 78' lang='lat' dir='ltr'>contingente</span> <span class='ocrx_word' id='word_1_73' title='bbox 915 1274 1034 1337; x_wconf 86' lang='lat' dir='ltr'>vallum</span> <span class='ocrx_word' id='word_1_74' title='bbox 1061 1275 1171 1340; x_wconf 88' lang='lat' dir='ltr'>tertiae</span> <span class='ocrx_word' id='word_1_75' title='bbox 1199 1293 1252 1338; x_wconf 91' lang='lat' dir='ltr'>co-</span> 
     </span>
     <span class='ocr_line' id='line_1_11' title="bbox 192 1379 1253 1464; baseline -0.001 -18"><span class='ocrx_word' id='word_1_76' title='bbox 192 1384 291 1446; x_wconf 78' lang='lat' dir='ltr'>hords</span> <span class='ocrx_word' id='word_1_77' title='bbox 318 1382 519 1446; x_wconf 87' lang='lat' dir='ltr'>centuriones</span> <span class='ocrx_word' id='word_1_78' title='bbox 546 1399 589 1445; x_wconf 82' lang='lat' dir='ltr'>ex</span> <span class='ocrx_word' id='word_1_79' title='bbox 615 1399 665 1464; x_wconf 88' lang='lat' dir='ltr'>eo,</span> <span class='ocrx_word' id='word_1_80' title='bbox 693 1400 755 1464; x_wconf 91' lang='lat' dir='ltr'>quo</span> <span class='ocrx_word' id='word_1_81' title='bbox 783 1379 919 1463; x_wconf 86' lang='lat' dir='ltr'>stabant,</span> <span class='ocrx_word' id='word_1_82' title='bbox 950 1381 1019 1444; x_wconf 92' lang='lat' dir='ltr'>loco</span> <span class='ocrx_word' id='word_1_83' title='bbox 1051 1385 1253 1445; x_wconf 89' lang='lat' dir='ltr'>recesserunt</span> 
     </span>
     <span class='ocr_line' id='line_1_12' title="bbox 192 1486 1252 1570; baseline -0.001 -18"><span class='ocrx_word' id='word_1_84' title='bbox 192 1507 331 1570; x_wconf 91' lang='lat' dir='ltr'>suosque</span> <span class='ocrx_word' id='word_1_85' title='bbox 358 1506 467 1552; x_wconf 90' lang='lat' dir='ltr'>omnes</span> <span class='ocrx_word' id='word_1_86' title='bbox 493 1490 710 1568; x_wconf 89' lang='lat' dir='ltr'>removerunt,</span> <span class='ocrx_word' id='word_1_87' title='bbox 741 1489 823 1549; x_wconf 91' lang='lat' dir='ltr'>nutu</span> <span class='ocrx_word' id='word_1_88' title='bbox 849 1486 1046 1568; x_wconf 86' lang='lat' dir='ltr'>vocibusque</span> <span class='ocrx_word' id='word_1_89' title='bbox 1073 1486 1191 1570; x_wconf 86' lang='lat' dir='ltr'>hostes,</span> <span class='ocrx_word' id='word_1_90' title='bbox 1223 1487 1252 1551; x_wconf 90' lang='lat' dir='ltr'>si</span> 
     </span>
     <span class='ocr_line' id='line_1_13' title="bbox 191 1593 1250 1676; baseline 0 -20"><span class='ocrx_word' id='word_1_91' title='bbox 191 1595 323 1658; x_wconf 89' lang='lat' dir='ltr'>introire</span> <span class='ocrx_word' id='word_1_92' title='bbox 345 1593 476 1676; x_wconf 89' lang='lat' dir='ltr'>vellent,</span> <span class='ocrx_word' id='word_1_93' title='bbox 500 1611 613 1656; x_wconf 90' lang='lat' dir='ltr'>vocare</span> <span class='ocrx_word' id='word_1_94' title='bbox 629 1598 814 1675; x_wconf 72' lang='lat' dir='ltr'>coeperunt,</span> <span class='ocrx_word' id='word_1_95' title='bbox 840 1611 975 1673; x_wconf 91' lang='lat' dir='ltr'>quorum</span> <span class='ocrx_word' id='word_1_96' title='bbox 991 1593 1138 1676; x_wconf 86' lang='lat' dir='ltr'>progredi</span> <span class='ocrx_word' id='word_1_97' title='bbox 1154 1611 1250 1656; x_wconf 75' lang='lat' dir='ltr'>aimus</span> 
     </span>
    </p>

    <p class='ocr_par' dir='ltr' id='par_1_3' title="bbox 165 1697 1251 1887">
     <span class='ocr_line' id='line_1_14' title="bbox 165 1697 1251 1781; baseline -0.002 -17"><span class='ocrx_word' id='word_1_98' title='bbox 165 1705 241 1772; x_wconf 63' lang='lat' dir='ltr'>aest</span> <span class='ocrx_word' id='word_1_99' title='bbox 261 1718 363 1763; x_wconf 89' lang='lat' dir='ltr'>nemo.</span> <span class='ocrx_word' id='word_1_100' title='bbox 408 1704 477 1762; x_wconf 89' lang='lat' dir='ltr'>tum</span> <span class='ocrx_word' id='word_1_101' title='bbox 500 1717 543 1763; x_wconf 85' lang='lat' dir='ltr'>ex</span> <span class='ocrx_word' id='word_1_102' title='bbox 565 1698 653 1762; x_wconf 92' lang='lat' dir='ltr'>omni</span> <span class='ocrx_word' id='word_1_103' title='bbox 674 1703 764 1781; x_wconf 89' lang='lat' dir='ltr'>parte</span> <span class='ocrx_word' id='word_1_104' title='bbox 787 1697 946 1781; x_wconf 90' lang='lat' dir='ltr'>lapidibus</span> <span class='ocrx_word' id='word_1_105' title='bbox 969 1699 1120 1762; x_wconf 89' lang='lat' dir='ltr'>coniectis</span> <span class='ocrx_word' id='word_1_106' title='bbox 1144 1698 1251 1763; x_wconf 91' lang='lat' dir='ltr'>detur-</span> 
     </span>
     <span class='ocr_line' id='line_1_15' title="bbox 191 1805 692 1887; baseline -0.008 -17"><span class='ocrx_word' id='word_1_107' title='bbox 191 1805 258 1870; x_wconf 88' lang='lat' dir='ltr'>bati</span> <span class='ocrx_word' id='word_1_108' title='bbox 280 1806 439 1887; x_wconf 87' lang='lat' dir='ltr'>turrisque</span> <span class='ocrx_word' id='word_1_109' title='bbox 462 1823 615 1869; x_wconf 89' lang='lat' dir='ltr'>succensa</span> <span class='ocrx_word' id='word_1_110' title='bbox 637 1807 692 1867; x_wconf 91' lang='lat' dir='ltr'>est</span> 
     </span>
    </p>
   </div>
   <div class='ocr_carea' id='block_1_3' title="bbox 23 1910 1249 1994">
    <p class='ocr_par' dir='ltr' id='par_1_4' title="bbox 23 1910 1249 1994">
     <span class='ocr_line' id='line_1_16' title="bbox 23 1910 1249 1994; baseline 0.02 -43"><span class='ocrx_word' id='word_1_111' title='bbox 23 1946 26 1951; x_wconf 82' lang='grc'><em>.</em></span> <span class='ocrx_word' id='word_1_112' title='bbox 137 1936 173 1988; x_wconf 73' lang='lat'>44</span> <span class='ocrx_word' id='word_1_113' title='bbox 278 1911 378 1975; x_wconf 84' lang='lat' dir='ltr'>lirant</span> <span class='ocrx_word' id='word_1_114' title='bbox 399 1911 433 1974; x_wconf 95' lang='lat' dir='ltr'>in</span> <span class='ocrx_word' id='word_1_115' title='bbox 456 1930 494 1976; x_wconf 90' lang='lat' dir='ltr'>ea</span> <span class='ocrx_word' id='word_1_116' title='bbox 515 1910 640 1994; x_wconf 91' lang='lat' dir='ltr'>legione</span> <span class='ocrx_word' id='word_1_117' title='bbox 661 1910 825 1975; x_wconf 85' lang='lat' dir='ltr'>fortissimi</span> <span class='ocrx_word' id='word_1_118' title='bbox 847 1910 920 1993; x_wconf 90' lang='lat' dir='ltr'>viri,</span> <span class='ocrx_word' id='word_1_119' title='bbox 948 1911 1164 1994; x_wconf 86' lang='lat' dir='ltr'>centuriones,</span> <span class='ocrx_word' id='word_1_120' title='bbox 1192 1912 1249 1994; x_wconf 92' lang='lat' dir='ltr'>qui</span> 
     </span>
    </p>
   </div>
   <div class='ocr_carea' id='block_1_4' title="bbox 163 2015 1247 2417">
    <p class='ocr_par' dir='ltr' id='par_1_5' title="bbox 163 2015 1247 2417">
     <span class='ocr_line' id='line_1_17' title="bbox 190 2015 1247 2102; baseline -0.002 -20"><span class='ocrx_word' id='word_1_121' title='bbox 190 2019 254 2082; x_wconf 89' lang='lat' dir='ltr'>iam</span> <span class='ocrx_word' id='word_1_122' title='bbox 276 2019 386 2102; x_wconf 89' lang='lat' dir='ltr'>primis</span> <span class='ocrx_word' id='word_1_123' title='bbox 409 2015 574 2080; x_wconf 88' lang='lat' dir='ltr'>ordinibus</span> <span class='ocrx_word' id='word_1_124' title='bbox 592 2016 893 2100; x_wconf 86' lang='lat' dir='ltr'>adpropinquarent,</span> <span class='ocrx_word' id='word_1_125' title='bbox 914 2016 947 2080; x_wconf 83' lang='grc' dir='ltr'>Τ.</span> <span class='ocrx_word' id='word_1_126' title='bbox 962 2015 1055 2080; x_wconf 91' lang='lat' dir='ltr'>Pullo</span> <span class='ocrx_word' id='word_1_127' title='bbox 1079 2021 1111 2082; x_wconf 91' lang='lat' dir='ltr'>et</span> <span class='ocrx_word' id='word_1_128' title='bbox 1132 2015 1247 2081; x_wconf 64' lang='grc'>11170-</span> 
     </span>
     <span class='ocr_line' id='line_1_18' title="bbox 163 2121 1247 2207; baseline -0.006 -13"><span class='ocrx_word' id='word_1_129' title='bbox 163 2144 295 2194; x_wconf 84' lang='lat' dir='ltr'>2renus.</span> <span class='ocrx_word' id='word_1_130' title='bbox 339 2124 373 2187; x_wconf 94' lang='lat' dir='ltr'>hi</span> <span class='ocrx_word' id='word_1_131' title='bbox 394 2128 561 2207; x_wconf 87' lang='lat' dir='ltr'>perpetuas</span> <span class='ocrx_word' id='word_1_132' title='bbox 579 2123 663 2186; x_wconf 90' lang='lat' dir='ltr'>inter</span> <span class='ocrx_word' id='word_1_133' title='bbox 680 2141 714 2187; x_wconf 90' lang='lat' dir='ltr'>se</span> <span class='ocrx_word' id='word_1_134' title='bbox 733 2122 964 2187; x_wconf 88' lang='lat' dir='ltr'>controversias</span> <span class='ocrx_word' id='word_1_135' title='bbox 982 2121 1152 2205; x_wconf 91' lang='lat' dir='ltr'>habebant,</span> <span class='ocrx_word' id='word_1_136' title='bbox 1175 2128 1247 2187; x_wconf 90' lang='lat' dir='ltr'>uter</span> 
     </span>
     <span class='ocr_line' id='line_1_19' title="bbox 190 2228 1246 2311; baseline -0.002 -17"><span class='ocrx_word' id='word_1_137' title='bbox 190 2231 281 2294; x_wconf 89' lang='lat' dir='ltr'>alteri</span> <span class='ocrx_word' id='word_1_138' title='bbox 303 2231 521 2311; x_wconf 81' lang='lat' dir='ltr'>anteferretur,</span> <span class='ocrx_word' id='word_1_139' title='bbox 546 2228 756 2310; x_wconf 87' lang='lat' dir='ltr'>omnibusque</span> <span class='ocrx_word' id='word_1_140' title='bbox 780 2229 872 2291; x_wconf 88' lang='lat' dir='ltr'>annis</span> <span class='ocrx_word' id='word_1_141' title='bbox 895 2228 1026 2294; x_wconf 91' lang='lat' dir='ltr'>deloco</span> <span class='ocrx_word' id='word_1_142' title='bbox 1050 2229 1182 2294; x_wconf 91' lang='lat' dir='ltr'>summis</span> <span class='ocrx_word' id='word_1_143' title='bbox 1205 2230 1246 2293; x_wconf 90' lang='lat' dir='ltr'>si-</span> 
     </span>
     <span class='ocr_line' id='line_1_20' title="bbox 164 2333 1246 2417; baseline -0.001 -18"><span class='ocrx_word' id='word_1_144' title='bbox 164 2336 373 2406; x_wconf 66' lang='lat' dir='ltr'>amnltatibus</span> <span class='ocrx_word' id='word_1_145' title='bbox 396 2333 638 2399; x_wconf 89' lang='lat' dir='ltr'>contendebant</span> <span class='ocrx_word' id='word_1_146' title='bbox 685 2353 727 2398; x_wconf 90' lang='lat' dir='ltr'>ex</span> <span class='ocrx_word' id='word_1_147' title='bbox 748 2335 798 2399; x_wconf 90' lang='lat' dir='ltr'>bis</span> <span class='ocrx_word' id='word_1_148' title='bbox 821 2333 928 2417; x_wconf 91' lang='lat' dir='ltr'>Pullo,</span> <span class='ocrx_word' id='word_1_149' title='bbox 951 2354 1025 2399; x_wconf 91' lang='lat' dir='ltr'>cum</span> <span class='ocrx_word' id='word_1_150' title='bbox 1040 2336 1191 2400; x_wconf 86' lang='lat' dir='ltr'>acerrime</span> <span class='ocrx_word' id='word_1_151' title='bbox 1205 2335 1246 2399; x_wconf 85' lang='lat' dir='ltr'>ad</span> 
     </span>
    </p>
   </div>
   <div class='ocr_carea' id='block_1_5' title="bbox 188 2438 1355 2525">
    <p class='ocr_par' dir='ltr' id='par_1_6' title="bbox 188 2438 1355 2525">
     <span class='ocr_line' id='line_1_21' title="bbox 188 2438 1355 2525; baseline -0.003 -21"><span class='ocrx_word' id='word_1_152' title='bbox 188 2442 380 2504; x_wconf 90' lang='lat' dir='ltr'>munitiones</span> <span class='ocrx_word' id='word_1_153' title='bbox 402 2445 612 2524; x_wconf 88' lang='lat' dir='ltr'>pugnaretur,</span> <span class='ocrx_word' id='word_1_154' title='bbox 640 2438 733 2521; x_wconf 88' lang='lat' dir='ltr'>‘quid</span> <span class='ocrx_word' id='word_1_155' title='bbox 760 2439 910 2522; x_wconf 85' lang='lat' dir='ltr'>dubitas’,</span> <span class='ocrx_word' id='word_1_156' title='bbox 938 2441 1056 2525; x_wconf 90' lang='lat' dir='ltr'>inquit,</span> <span class='ocrx_word' id='word_1_157' title='bbox 1084 2441 1245 2507; x_wconf 70' lang='lat' dir='ltr'>‘Vorenei</span> <span class='ocrx_word' id='word_1_158' title='bbox 1352 2496 1355 2500; x_wconf 86' lang='lat'>.</span> 
     </span>
    </p>
   </div>
   <div class='ocr_carea' id='block_1_6' title="bbox 147 2543 1246 3993">
    <p class='ocr_par' dir='ltr' id='par_1_7' title="bbox 147 2543 1246 3993">
     <span class='ocr_line' id='line_1_22' title="bbox 188 2543 1246 2631; baseline 0.003 -22"><span class='ocrx_word' id='word_1_159' title='bbox 188 2554 243 2611; x_wconf 91' lang='lat' dir='ltr'>aut</span> <span class='ocrx_word' id='word_1_160' title='bbox 266 2565 361 2628; x_wconf 92' lang='lat' dir='ltr'>quem</span> <span class='ocrx_word' id='word_1_161' title='bbox 383 2545 488 2609; x_wconf 88' lang='lat' dir='ltr'>locum</span> <span class='ocrx_word' id='word_1_162' title='bbox 511 2550 585 2609; x_wconf 85' lang='lat' dir='ltr'>tuae</span> <span class='ocrx_word' id='word_1_163' title='bbox 612 2543 791 2628; x_wconf 86' lang='lat' dir='ltr'>probandae</span> <span class='ocrx_word' id='word_1_164' title='bbox 819 2546 947 2611; x_wconf 86' lang='lat' dir='ltr'>virtutis</span> <span class='ocrx_word' id='word_1_165' title='bbox 975 2549 1144 2631; x_wconf 80' lang='lat' dir='ltr'>expectas?</span> <span class='ocrx_word' id='word_1_166' title='bbox 1194 2549 1246 2612; x_wconf 92' lang='lat' dir='ltr'>hic</span> 
     </span>
     <span class='ocr_line' id='line_1_23' title="bbox 161 2650 1246 2728; baseline 0.005 -14"><span class='ocrx_word' id='word_1_167' title='bbox 161 2652 257 2722; x_wconf 61' lang='lat' dir='ltr'>adies</span> <span class='ocrx_word' id='word_1_168' title='bbox 280 2651 318 2715; x_wconf 91' lang='lat' dir='ltr'>de</span> <span class='ocrx_word' id='word_1_169' title='bbox 341 2652 457 2714; x_wconf 89' lang='lat' dir='ltr'>nostris</span> <span class='ocrx_word' id='word_1_170' title='bbox 477 2651 699 2715; x_wconf 88' lang='lat' dir='ltr'>controversiis</span> <span class='ocrx_word' id='word_1_171' title='bbox 714 2650 885 2715; x_wconf 91' lang='lat' dir='ltr'>iudicabit&#39;</span> <span class='ocrx_word' id='word_1_172' title='bbox 923 2652 1001 2717; x_wconf 91' lang='lat' dir='ltr'>haec</span> <span class='ocrx_word' id='word_1_173' title='bbox 1017 2673 1090 2717; x_wconf 88' lang='lat' dir='ltr'>cum</span> <span class='ocrx_word' id='word_1_174' title='bbox 1106 2653 1246 2728; x_wconf 82' lang='lat' dir='ltr'>dixisset.</span> 
     </span>
     <span class='ocr_line' id='line_1_24' title="bbox 187 2757 1246 2841; baseline 0.005 -21"><span class='ocrx_word' id='word_1_175' title='bbox 187 2757 329 2841; x_wconf 89' lang='lat' dir='ltr'>procedit</span> <span class='ocrx_word' id='word_1_176' title='bbox 351 2763 442 2820; x_wconf 84' lang='lat' dir='ltr'>extra</span> <span class='ocrx_word' id='word_1_177' title='bbox 464 2757 669 2839; x_wconf 89' lang='lat' dir='ltr'>munitiones,</span> <span class='ocrx_word' id='word_1_178' title='bbox 697 2775 842 2839; x_wconf 86' lang='lat' dir='ltr'>quaeque</span> <span class='ocrx_word' id='word_1_179' title='bbox 865 2777 937 2841; x_wconf 89' lang='lat' dir='ltr'>pars</span> <span class='ocrx_word' id='word_1_180' title='bbox 959 2758 1097 2822; x_wconf 91' lang='lat' dir='ltr'>hostium</span> <span class='ocrx_word' id='word_1_181' title='bbox 1125 2761 1246 2825; x_wconf 81' lang='lat' dir='ltr'>confer-</span> 
     </span>
     <span class='ocr_line' id='line_1_25' title="bbox 161 2863 1246 2946; baseline 0.004 -19"><span class='ocrx_word' id='word_1_182' title='bbox 161 2864 310 2935; x_wconf 60' lang='lat' dir='ltr'>atissima</span> <span class='ocrx_word' id='word_1_183' title='bbox 333 2867 380 2926; x_wconf 91' lang='lat' dir='ltr'>est</span> <span class='ocrx_word' id='word_1_184' title='bbox 401 2863 482 2943; x_wconf 92' lang='lat' dir='ltr'>visa,</span> <span class='ocrx_word' id='word_1_185' title='bbox 505 2863 668 2946; x_wconf 84' lang='lat' dir='ltr'>inrumpit</span> <span class='ocrx_word' id='word_1_186' title='bbox 713 2881 755 2926; x_wconf 93' lang='lat' dir='ltr'>ne</span> <span class='ocrx_word' id='word_1_187' title='bbox 770 2863 917 2927; x_wconf 88' lang='lat' dir='ltr'>Vorenus</span> <span class='ocrx_word' id='word_1_188' title='bbox 933 2865 1063 2945; x_wconf 91' lang='lat' dir='ltr'>quidem</span> <span class='ocrx_word' id='word_1_189' title='bbox 1086 2884 1155 2931; x_wconf 91' lang='lat' dir='ltr'>sese</span> <span class='ocrx_word' id='word_1_190' title='bbox 1177 2870 1246 2931; x_wconf 93' lang='lat' dir='ltr'>tum</span> 
     </span>
     <span class='ocr_line' id='line_1_26' title="bbox 188 2967 1246 3049; baseline 0.006 -17"><span class='ocrx_word' id='word_1_191' title='bbox 188 2970 269 3032; x_wconf 88' lang='lat' dir='ltr'>vallo</span> <span class='ocrx_word' id='word_1_192' title='bbox 297 2969 451 3049; x_wconf 88' lang='lat' dir='ltr'>continet,</span> <span class='ocrx_word' id='word_1_193' title='bbox 478 2967 534 3032; x_wconf 89' lang='lat' dir='ltr'>sed</span> <span class='ocrx_word' id='word_1_194' title='bbox 561 2969 702 3032; x_wconf 86' lang='lat' dir='ltr'>omnium</span> <span class='ocrx_word' id='word_1_195' title='bbox 729 2969 850 3033; x_wconf 88' lang='lat' dir='ltr'>veritus</span> <span class='ocrx_word' id='word_1_196' title='bbox 877 2971 1145 3036; x_wconf 85' lang='lat' dir='ltr'>existimationem</span> <span class='ocrx_word' id='word_1_197' title='bbox 1172 2973 1246 3038; x_wconf 88' lang='lat' dir='ltr'>sub-</span> 
     </span>
     <span class='ocr_line' id='line_1_27' title="bbox 160 3074 1245 3160; baseline 0.005 -21"><span class='ocrx_word' id='word_1_198' title='bbox 160 3076 339 3156; x_wconf 68' lang='lat' dir='ltr'>ssequitur.</span> <span class='ocrx_word' id='word_1_199' title='bbox 389 3074 541 3138; x_wconf 89' lang='lat' dir='ltr'>mediocri</span> <span class='ocrx_word' id='word_1_200' title='bbox 568 3075 666 3158; x_wconf 90' lang='lat' dir='ltr'>spatio</span> <span class='ocrx_word' id='word_1_201' title='bbox 694 3075 804 3139; x_wconf 91' lang='lat' dir='ltr'>relicto</span> <span class='ocrx_word' id='word_1_202' title='bbox 832 3074 925 3139; x_wconf 91' lang='lat' dir='ltr'>Pullo</span> <span class='ocrx_word' id='word_1_203' title='bbox 953 3077 1054 3160; x_wconf 93' lang='lat' dir='ltr'>pilum</span> <span class='ocrx_word' id='word_1_204' title='bbox 1080 3079 1116 3143; x_wconf 93' lang='lat' dir='ltr'>in</span> <span class='ocrx_word' id='word_1_205' title='bbox 1140 3080 1245 3144; x_wconf 89' lang='lat' dir='ltr'>hostes</span> 
     </span>
     <span class='ocr_line' id='line_1_28' title="bbox 187 3181 1243 3265; baseline 0.007 -21"><span class='ocrx_word' id='word_1_206' title='bbox 187 3182 326 3245; x_wconf 90' lang='lat' dir='ltr'>immittit</span> <span class='ocrx_word' id='word_1_207' title='bbox 348 3186 442 3263; x_wconf 88' lang='lat' dir='ltr'>atque</span> <span class='ocrx_word' id='word_1_208' title='bbox 465 3200 565 3243; x_wconf 93' lang='lat' dir='ltr'>unum</span> <span class='ocrx_word' id='word_1_209' title='bbox 590 3198 631 3244; x_wconf 82' lang='lat' dir='ltr'>ex</span> <span class='ocrx_word' id='word_1_210' title='bbox 653 3181 856 3245; x_wconf 90' lang='lat' dir='ltr'>multitudine</span> <span class='ocrx_word' id='word_1_211' title='bbox 871 3188 1108 3265; x_wconf 87' lang='lat' dir='ltr'>procurrentem</span> <span class='ocrx_word' id='word_1_212' title='bbox 1126 3187 1243 3263; x_wconf 81' lang='lat' dir='ltr'>traicit3</span> 
     </span>
     <span class='ocr_line' id='line_1_29' title="bbox 188 3287 1244 3373; baseline 0.007 -23"><span class='ocrx_word' id='word_1_213' title='bbox 188 3305 250 3368; x_wconf 92' lang='lat' dir='ltr'>quo</span> <span class='ocrx_word' id='word_1_214' title='bbox 274 3306 421 3371; x_wconf 90' lang='lat' dir='ltr'>percusso</span> <span class='ocrx_word' id='word_1_215' title='bbox 445 3295 477 3350; x_wconf 89' lang='lat' dir='ltr'>et</span> <span class='ocrx_word' id='word_1_216' title='bbox 500 3287 679 3350; x_wconf 86' lang='lat' dir='ltr'>exanimato</span> <span class='ocrx_word' id='word_1_217' title='bbox 703 3289 788 3351; x_wconf 91' lang='lat' dir='ltr'>bunc</span> <span class='ocrx_word' id='word_1_218' title='bbox 811 3289 910 3353; x_wconf 90' lang='lat' dir='ltr'>scutis</span> <span class='ocrx_word' id='word_1_219' title='bbox 937 3294 1108 3373; x_wconf 77' lang='lat' dir='ltr'>protegimt</span> <span class='ocrx_word' id='word_1_220' title='bbox 1129 3291 1244 3371; x_wconf 85' lang='lat' dir='ltr'>hostes,</span> 
     </span>
     <span class='ocr_line' id='line_1_30' title="bbox 187 3393 1245 3480; baseline 0.008 -25"><span class='ocrx_word' id='word_1_221' title='bbox 187 3395 221 3456; x_wconf 90' lang='lat' dir='ltr'>in</span> <span class='ocrx_word' id='word_1_222' title='bbox 245 3393 335 3456; x_wconf 90' lang='lat' dir='ltr'>illum</span> <span class='ocrx_word' id='word_1_223' title='bbox 362 3393 504 3457; x_wconf 89' lang='lat' dir='ltr'>universi</span> <span class='ocrx_word' id='word_1_224' title='bbox 532 3393 594 3455; x_wconf 86' lang='lat' dir='ltr'>tela</span> <span class='ocrx_word' id='word_1_225' title='bbox 621 3394 761 3457; x_wconf 89' lang='lat' dir='ltr'>coiciunt</span> <span class='ocrx_word' id='word_1_226' title='bbox 788 3414 893 3476; x_wconf 92' lang='lat' dir='ltr'>neque</span> <span class='ocrx_word' id='word_1_227' title='bbox 921 3396 997 3460; x_wconf 90' lang='lat' dir='ltr'>dant</span> <span class='ocrx_word' id='word_1_228' title='bbox 1022 3397 1245 3480; x_wconf 89' lang='lat' dir='ltr'>progrediendi</span> 
     </span>
     <span class='ocr_line' id='line_1_31' title="bbox 160 3497 1244 3581; baseline 0.007 -20"><span class='ocrx_word' id='word_1_229' title='bbox 160 3500 375 3570; x_wconf 67' lang='lat' dir='ltr'>rfacultatem.</span> <span class='ocrx_word' id='word_1_230' title='bbox 425 3497 618 3581; x_wconf 87' lang='lat' dir='ltr'>transfigitur</span> <span class='ocrx_word' id='word_1_231' title='bbox 649 3505 776 3562; x_wconf 91' lang='lat' dir='ltr'>scutum</span> <span class='ocrx_word' id='word_1_232' title='bbox 807 3499 936 3564; x_wconf 90' lang='lat' dir='ltr'>Pulloni</span> <span class='ocrx_word' id='word_1_233' title='bbox 968 3507 1000 3566; x_wconf 90' lang='lat' dir='ltr'>et</span> <span class='ocrx_word' id='word_1_234' title='bbox 1030 3511 1179 3568; x_wconf 89' lang='lat' dir='ltr'>verutum</span> <span class='ocrx_word' id='word_1_235' title='bbox 1210 3505 1244 3569; x_wconf 91' lang='lat' dir='ltr'>in</span> 
     </span>
     <span class='ocr_line' id='line_1_32' title="bbox 160 3603 1244 3693; baseline 0.006 -24"><span class='ocrx_word' id='word_1_236' title='bbox 160 3605 289 3675; x_wconf 72' lang='lat' dir='ltr'>abalteo</span> <span class='ocrx_word' id='word_1_237' title='bbox 319 3603 473 3688; x_wconf 90' lang='lat' dir='ltr'>defigitur.</span> <span class='ocrx_word' id='word_1_238' title='bbox 524 3605 637 3668; x_wconf 90' lang='lat' dir='ltr'>avertit</span> <span class='ocrx_word' id='word_1_239' title='bbox 668 3605 719 3668; x_wconf 93' lang='lat' dir='ltr'>bic</span> <span class='ocrx_word' id='word_1_240' title='bbox 747 3625 838 3671; x_wconf 88' lang='lat' dir='ltr'>casus</span> <span class='ocrx_word' id='word_1_241' title='bbox 865 3608 1014 3688; x_wconf 87' lang='lat' dir='ltr'>vaginam</span> <span class='ocrx_word' id='word_1_242' title='bbox 1046 3613 1078 3673; x_wconf 87' lang='lat' dir='ltr'>et</span> <span class='ocrx_word' id='word_1_243' title='bbox 1103 3611 1244 3693; x_wconf 88' lang='lat' dir='ltr'>gladium</span> 
     </span>
     <span class='ocr_line' id='line_1_33' title="bbox 187 3708 1244 3799; baseline 0.007 -25"><span class='ocrx_word' id='word_1_244' title='bbox 187 3711 321 3774; x_wconf 90' lang='lat' dir='ltr'>educere</span> <span class='ocrx_word' id='word_1_245' title='bbox 345 3711 472 3773; x_wconf 84' lang='lat' dir='ltr'>conanti</span> <span class='ocrx_word' id='word_1_246' title='bbox 495 3708 640 3773; x_wconf 74' lang='lat' dir='ltr'>donnum</span> <span class='ocrx_word' id='word_1_247' title='bbox 662 3717 804 3776; x_wconf 91' lang='lat' dir='ltr'>moratur</span> <span class='ocrx_word' id='word_1_248' title='bbox 825 3732 967 3796; x_wconf 89' lang='lat' dir='ltr'>manum,</span> <span class='ocrx_word' id='word_1_249' title='bbox 994 3713 1244 3799; x_wconf 90' lang='lat' dir='ltr'>impeditumque</span> 
     </span>
     <span class='ocr_line' id='line_1_34' title="bbox 160 3815 1245 3888; baseline 0.011 -11"><span class='ocrx_word' id='word_1_250' title='bbox 160 3815 292 3884; x_wconf 62' lang='lat' dir='ltr'>chostes</span> <span class='ocrx_word' id='word_1_251' title='bbox 319 3816 563 3878; x_wconf 87' lang='lat' dir='ltr'>circumsistunt</span> <span class='ocrx_word' id='word_1_252' title='bbox 608 3818 767 3881; x_wconf 88' lang='lat' dir='ltr'>succurrit</span> <span class='ocrx_word' id='word_1_253' title='bbox 793 3819 941 3883; x_wconf 90' lang='lat' dir='ltr'>inimicus</span> <span class='ocrx_word' id='word_1_254' title='bbox 963 3819 1011 3882; x_wconf 92' lang='lat' dir='ltr'>illi</span> <span class='ocrx_word' id='word_1_255' title='bbox 1037 3820 1185 3886; x_wconf 87' lang='lat' dir='ltr'>Vorenus</span> <span class='ocrx_word' id='word_1_256' title='bbox 1213 3828 1245 3888; x_wconf 89' lang='lat' dir='ltr'>et</span> 
     </span>
     <span class='ocr_line' id='line_1_35' title="bbox 147 3920 1245 3993; baseline 0.003 -3"><span class='ocrx_word' id='word_1_257' title='bbox 147 3949 174 3991; x_wconf 82' lang='grc' dir='ltr'>ιο</span> <span class='ocrx_word' id='word_1_258' title='bbox 186 3920 343 3986; x_wconf 88' lang='lat' dir='ltr'>laboranti</span> <span class='ocrx_word' id='word_1_259' title='bbox 364 3921 521 3986; x_wconf 88' lang='lat' dir='ltr'>subvenit</span> <span class='ocrx_word' id='word_1_260' title='bbox 567 3920 716 3988; x_wconf 89' lang='lat' dir='ltr'>adhunc</span> <span class='ocrx_word' id='word_1_261' title='bbox 737 3942 771 3990; x_wconf 90' lang='lat' dir='ltr'>se</span> <span class='ocrx_word' id='word_1_262' title='bbox 795 3924 959 3989; x_wconf 86' lang='lat' dir='ltr'>confestim</span> <span class='ocrx_word' id='word_1_263' title='bbox 981 3945 1000 3989; x_wconf 90' lang='lat' dir='ltr'>a</span> <span class='ocrx_word' id='word_1_264' title='bbox 1018 3924 1154 3990; x_wconf 89' lang='lat' dir='ltr'>Pullone</span> <span class='ocrx_word' id='word_1_265' title='bbox 1177 3946 1245 3993; x_wconf 91' lang='lat' dir='ltr'>om·</span> 
     </span>
    </p>
   </div>
   <div class='ocr_carea' id='block_1_7' title="bbox 0 0 1374 4424">
    <p class='ocr_par' dir='ltr' id='par_1_8' title="bbox 0 0 1374 4424">
     <span class='ocr_line' id='line_1_36' title="bbox 0 0 1374 4424; baseline 0 3"><span class='ocrx_word' id='word_1_266' title='bbox 0 0 1374 4424; x_wconf 95' lang='lat' dir='ltr'> </span> 
     </span>
    </p>
   </div>
  </div>
 </body>
</html>
