2776 4426
244 286 286 350 32
640 304 743 359 aruir
762 304 903 360 emmor

242 480 317 527 nem
332 463 590 529 honestissimum
602 467 783 550 provinciae
803 466 935 548 Galliae,
950 485 1045 531 suum
1059 464 1245 529 familiarem
1268 467 1302 529 et

243 569 406 652 hospitem,
422 576 565 653 ereptum
580 590 622 636 ex
632 571 780 636 manibus
795 572 934 636 hostium
945 571 1007 637 sibi
1021 572 1202 636 restitutum
1212 569 1301 636 ride·

243 673 298 738 bat
322 694 428 759 neque
455 677 525 741 eius
548 677 723 742 calamitate
751 678 790 742 de
818 682 905 742 tanta
926 677 1087 761 voluptate
1110 682 1142 742 et
1162 675 1301 760 gratula-

214 781 328 846 rtione
356 782 527 864 quicquam
552 783 679 847 fortuna
706 783 912 848 deminuerat
956 784 985 848 is
1008 803 1041 847 se
1069 786 1233 865 praesente
1261 780 1300 846 de

243 904 277 950 se
300 890 349 951 ter
370 887 508 952 sortibus
531 889 711 953 consultum
735 889 870 972 dicebat,
898 893 1006 953 utrum
1027 888 1096 972 igni
1118 887 1224 953 statim
1245 905 1301 952 ne·

243 997 379 1076 caretur,
395 1013 436 1056 an
451 994 485 1057 in
501 994 588 1058 aliud
602 1000 725 1079 tempus
742 1000 972 1061 reservaretur:
996 995 1129 1060 sortium
1144 990 1300 1057 beneficio

215 1117 277 1162 ese
292 1117 361 1164 esse
383 1101 584 1165 incolumem.
628 1102 703 1165 item
726 1101 769 1165 M.
792 1100 908 1166 Metius
935 1106 1078 1185 repertus
1104 1105 1137 1164 et
1163 1097 1203 1163 ad
1225 1116 1302 1163 eum

242 1204 392 1270 reductus
415 1211 470 1271 est.

188 1320 225 1376 bl
330 1311 402 1375 Hoc
428 1313 547 1395 proelio
576 1318 663 1377 trans
689 1312 837 1378 Rhenum
863 1313 1009 1377 nuntiato
1038 1309 1148 1395 Suebi,
1177 1310 1232 1393 qui
1260 1309 1301 1374 ad

243 1415 328 1499 ripas
357 1416 462 1480 Rheni
494 1424 659 1500 venerant,
692 1418 822 1482 domum
852 1419 970 1483 reverti
1000 1422 1185 1502 coeperunt,
1220 1435 1300 1499 quos

242 1520 333 1605 Ubii,
358 1523 413 1603 qui
426 1524 565 1606 proximi
580 1521 728 1587 Rhenum
743 1523 902 1607 incolunt,
920 1524 1103 1608 perterritos
1118 1527 1300 1587 senserunt:

217 1645 231 1688 2
244 1625 380 1690 insecuti
393 1646 546 1711 magnum
562 1648 603 1693 ex
625 1630 665 1693 iis
688 1649 856 1694 numerum
879 1629 1071 1694 occiderunt
1107 1627 1221 1693 Caesar
1235 1646 1301 1691 una

244 1736 358 1796 aestate
386 1731 511 1798 duobus
538 1734 686 1799 maximis
714 1734 805 1799 bellis
832 1735 984 1801 confectis
1010 1735 1166 1799 maturius
1196 1733 1300 1818 paulo,

246 1855 341 1919 quam
371 1843 496 1922 tompus
527 1823 820 1926 anni'postulabat,
852 1841 888 1904 in
918 1840 1052 1905 hiberna
1080 1841 1115 1904 in
1137 1837 1301 1921 Sequanos

214 1944 420 2008 aexercitum
435 1945 581 2027 deduxit3
606 1945 747 2012 hibernis
763 1946 938 2012 Labienum
958 1948 1152 2032 praeposuiq
1176 1947 1243 2029 ipse
1265 1946 1301 2008 in

244 2051 420 2116 citeriorem
443 2051 577 2116 Galliam
599 2053 639 2116 ad
662 2060 837 2117 conventus
860 2054 999 2138 agendos
1020 2053 1178 2138 profectus
1200 2057 1255 2117 est

558 2419 594 2486 (l.
616 2421 737 2487 IULII
760 2420 982 2488 CAESARIS

520 2564 710 2638 BELLI
755 2564 1023 2642 GALLIOI

609 2720 717 2774 urana
739 2719 931 2776 archanus.

206 2919 227 2974 1
333 2898 413 2963 (lum
436 2904 518 2963 esset
533 2898 647 2963 Caesar
668 2900 704 2962 in
719 2900 864 2964 citeriore
881 2899 983 2965 Gallia
1005 2897 1051 2984 [in
1067 2898 1233 2983 hibernis],
1256 2901 1301 2963 ita

243 3005 291 3069 uti
313 3025 409 3088 supra
432 3005 731 3085 demonstravimus
753 3005 857 3070 crebri
871 3006 911 3068 ad
926 3025 1000 3070 eum
1022 3025 1164 3069 rumores
1179 3005 1301 3070 adfere-

243 3110 361 3174 bantur
381 3110 558 3193 litterisque
582 3111 657 3174 item
680 3109 811 3175 Labieni
835 3113 949 3176 certior
976 3110 1074 3175 fiebat
1096 3130 1204 3176 omnes
1226 3111 1300 3177 Bal·

244 3236 312 3300 gas,
336 3236 430 3298 quam
453 3219 577 3281 tertiam
600 3235 667 3281 esse
686 3217 805 3281 Galliae
828 3223 949 3299 partem
973 3216 1167 3301 dixeramus,
1191 3222 1301 3281 contra

244 3323 397 3407 populum
423 3322 600 3387 Romanum
628 3324 793 3386 coniurare
822 3322 1009 3405 obsidesque
1035 3323 1119 3386 inter
1149 3342 1183 3388 se
1216 3323 1299 3387 dare.

216 3429 432 3496 aconiurandi
454 3429 510 3492 has
525 3447 594 3493 esse
613 3448 737 3492 causas:
761 3429 911 3512 primum,
935 3427 1019 3509 quod
1038 3433 1235 3511 vererentur,
1258 3447 1300 3493 ne

246 3536 334 3598 omni
355 3539 465 3617 pacata
488 3534 590 3598 Gallia
616 3533 656 3597 ad
682 3553 736 3599 eos
763 3534 920 3598 exercitus
946 3539 1054 3598 noster
1076 3535 1297 3615 adduceretur3

216 3640 374 3724 sdeinde,
398 3640 483 3722 quod
506 3640 544 3703 ab
567 3658 633 3703 non
655 3639 751 3702 nullis
775 3639 872 3704 Gallis
901 3639 1158 3719 sollicitarentur,
1184 3641 1299 3722 partim

247 3745 316 3828 qui,
339 3750 375 3810 ut
398 3745 571 3810 Gennanos
595 3747 713 3809 diutius
734 3747 770 3809 in
790 3746 892 3809 Galba
913 3745 1032 3808 versari
1055 3745 1233 3826 noluerant,
1254 3745 1299 3808 ita

245 3851 354 3935 populi
375 3851 511 3915 Romani
534 3852 708 3915 exercitum
731 3851 870 3915 hiemare
895 3855 989 3932 atque
1012 3851 1241 3914 inveterascere
1263 3851 1298 3913 in

247 3956 349 4021 Gallia
370 3957 500 4022 moleste
523 3955 677 4040 ferebant,
704 3957 818 4040 partim
846 3956 901 4037 qui
923 3955 1096 4020 mobihtate
1119 3960 1150 4020 et
1170 3956 1298 4022 levitate
