2738 4424
213 255 276 318 144
608 270 712 325 BELLI
733 270 875 326 efflei

211 432 364 509 defendit,
396 450 477 515 quae
509 432 668 515 perpetuis
699 431 843 496 trabibus
874 433 991 516 pedum
1029 433 1269 516 quadragenum

210 538 397 621 plerumque
419 537 576 601 introrsus
600 539 742 602 revincta
763 557 868 621 neque
890 538 1054 623 perrumpi
1075 556 1180 622 neque
1204 538 1269 601 dis·

153 655 193 710 24
211 644 291 706 trabi
315 653 423 727 potest
469 643 529 707 His
552 650 599 708 tot
620 644 715 708 rebus
730 644 880 729 impedita
895 645 1127 729 oppugnatione
1142 644 1269 727 milites,

210 768 283 814 eum
307 756 372 814 toto
395 758 535 832 tempore
558 749 672 831 frigore
688 754 721 815 et
734 750 875 815 adsiduis
889 750 1045 815 imbribus
1060 750 1269 833 tardarentur,

210 859 315 919 tamen
339 858 513 919 continenti
536 856 643 920 labore
666 856 774 919 omnia
795 856 873 921 haec
894 860 1126 940 superaverunt
1148 859 1179 920 et
1202 854 1269 919 die·

210 960 272 1025 bus
294 961 391 1025 XXV
419 980 565 1044 aggerem
588 961 688 1026 latum
710 962 807 1046 pedes
835 961 1023 1045 CCCXXX,
1051 961 1151 1025 altum
1172 961 1269 1046 pedes

183 1065 338 1138 aLXXX
360 1071 581 1133 exnuxerunt
626 1087 701 1132 eum
722 1069 750 1132 is
772 1088 901 1132 murum
922 1068 1062 1133 hostium
1076 1086 1176 1152 paene
1192 1085 1269 1131 oon-

212 1175 348 1257 tingeret
370 1176 402 1238 et
424 1171 538 1238 Caesar
560 1173 600 1238 ad
622 1193 702 1258 opus
725 1175 955 1239 consuetudine
983 1173 1158 1239 excubaret
1184 1173 1269 1237 mili-

212 1283 323 1363 tesque
345 1279 536 1362 hortaretur,
558 1298 600 1343 ne
623 1278 709 1362 quod
732 1281 861 1344 omnino
884 1284 1007 1364 tempus
1034 1279 1073 1344 ab
1098 1297 1192 1364 opere
1219 1278 1269 1342 in·

212 1387 447 1466 termitteretur,
461 1385 556 1469 paulo
573 1390 646 1449 ante
661 1387 786 1450 tertiam
797 1386 938 1470 vigiliam
955 1390 1003 1451 est
1014 1385 1270 1450 animadversum

181 1491 332 1561 rfumare
355 1509 514 1573 aggerem,
538 1509 633 1573 quem
656 1491 803 1555 cuniculo
826 1491 931 1556 hostes
952 1492 1193 1574 succenderant,
1215 1508 1269 1555 eo-

213 1596 348 1677 demque
370 1601 510 1679 tempore
532 1600 597 1660 toto
620 1616 711 1661 muro
734 1597 870 1662 clamore
885 1597 1009 1662 sublato
1026 1596 1149 1661 duabus
1170 1596 1270 1681 portis

181 1701 251 1772 aab
275 1708 410 1784 utroque
432 1702 530 1767 latere
553 1702 690 1766 aurium
713 1704 835 1786 eruptio
855 1702 959 1767 fiebat
1005 1703 1060 1766 alii
1073 1702 1158 1767 faces
1174 1707 1270 1786 atque

213 1808 334 1871 aridam
355 1809 520 1872 materiam
544 1808 583 1874 de
605 1827 697 1872 mure
725 1809 759 1872 in
782 1827 930 1893 aggerem
952 1810 1077 1874 eminus
1103 1807 1269 1891 iaciebant,

213 1914 316 1996 picem
337 1914 540 1997 reliquasque
563 1933 626 1998 res,
656 1914 772 1997 quibus
795 1915 877 1999 ignis
900 1916 1033 1979 excitari
1054 1917 1170 1999 potest,
1196 1913 1271 1977 frun-

214 2019 342 2102 debant,
364 2024 414 2102 ut,
437 2039 500 2103 quo
519 2021 656 2105 primum
680 2025 897 2085 occurreretur
919 2025 974 2084 aut
995 2021 1048 2084 cui
1065 2020 1112 2085 rei
1133 2019 1271 2084 ferretur

183 2126 382 2208 rauxilium,
409 2126 466 2189 vix
492 2127 572 2190 ratio
600 2127 674 2190 iniri
699 2131 812 2211 posset
862 2131 981 2210 tamen,
1013 2126 1098 2211 quod
1125 2127 1269 2189 instituto

214 2231 355 2296 Caesaris
387 2232 468 2296 duae
500 2251 624 2316 semper
655 2233 796 2316 legiones
832 2252 889 2317 pro
921 2233 1033 2297 castris
1068 2230 1271 2296 excubabant

212 2339 383 2421 pluresque
414 2339 537 2422 partitis
569 2337 764 2422 temporibus
795 2342 886 2403 erant
916 2339 950 2402 in
983 2357 1089 2422 opere,
1126 2337 1271 2403 celeriter

213 2443 331 2507 lactum
354 2446 414 2527 est,
436 2448 473 2507 ut
495 2445 548 2508 alii
571 2444 791 2528 eruptionibus
810 2445 1002 2528 resisterent,
1026 2444 1081 2507 alii
1095 2448 1198 2508 turres
1221 2462 1271 2508 re·

214 2549 366 2613 ducerent
380 2568 590 2633 aggeremque
605 2549 876 2633 interscinderent,
892 2551 995 2614 omnis
1010 2568 1086 2615 vero
1103 2568 1144 2614 ex
1159 2549 1271 2614 castris

154 2671 197 2727 ⁴25
215 2655 383 2718 multitudo
406 2655 447 2717 ad
469 2655 731 2739 restinguendum
753 2660 962 2720 concurreret.
1009 2654 1089 2719 Cum
1110 2656 1146 2719 in
1169 2654 1271 2719 omni-

215 2760 274 2823 bus
295 2759 374 2823 locis
397 2766 583 2843 consumpta
605 2761 669 2825 iam
691 2761 815 2842 reliqua
836 2765 924 2844 parte
947 2762 1049 2824 noctis
1075 2764 1271 2844 pugnaretur

214 2883 401 2948 semperque
416 2864 558 2929 hostibus
574 2884 645 2949 spes
659 2866 809 2930 victoriae
820 2866 1094 2950 redintegraretur,
1110 2885 1148 2930 eo
1158 2867 1270 2950 magis,

215 2972 300 3056 quod
328 2970 456 3035 deustos
483 2971 606 3054 pluteos
633 2973 770 3035 turrium
799 2972 951 3036 videbant
975 2991 1036 3037 nec
1062 2971 1154 3037 facile
1181 2972 1270 3036 adire

214 3083 337 3162 apertos
359 3078 400 3141 ad
423 3077 643 3140 armiliandum
669 3077 973 3161 animadvertebant,
1001 3096 1187 3162 semperque
1209 3078 1271 3161 ipsi

214 3188 357 3248 recentes
385 3183 515 3247 defessis
542 3182 747 3248 succederent
774 3202 963 3266 omnemque
986 3183 1107 3249 Galbae
1134 3183 1270 3248 salutem

215 3289 249 3353 in
271 3288 325 3351 illo
348 3289 480 3372 vestigio
504 3289 654 3372 temporis
675 3290 808 3373 positam
823 3289 1063 3373 arbitrarentur,
1087 3290 1201 3353 accidit
1222 3290 1271 3352 in·

215 3394 430 3478 spectantibus
452 3394 556 3476 nobis,
580 3395 665 3477 quod
688 3395 821 3478 dignum
839 3395 990 3459 memoria
1007 3395 1112 3458 visum
1133 3399 1271 3478 praeter-

184 3523 204 3570 a
217 3500 358 3564 eundum
379 3519 445 3564 non
467 3501 725 3565 existimavimus.
771 3500 901 3583 quidam
923 3504 996 3565 ante
1018 3506 1141 3585 portam
1164 3499 1271 3585 oppidi

218 3604 327 3669 Gallus
349 3625 406 3689 per
427 3625 540 3670 manus
563 3605 631 3670 sebi
654 3625 690 3670 ac
712 3607 791 3689 picis
819 3606 948 3670 traditas
970 3606 1077 3690 glebas
1104 3607 1139 3670 in
1165 3607 1272 3690 ignem

219 3729 236 3774 e
258 3712 385 3794 regione
409 3713 505 3775 turris
526 3712 710 3795 proiciebat,
735 3712 899 3795 scorpione
915 3712 953 3776 ab
970 3712 1067 3776 latere
1083 3712 1194 3776 dextro
1209 3716 1273 3775 tra·

186 3816 320 3884 eiectus
347 3817 609 3899 exanimatusque
636 3817 782 3880 concidit
833 3816 918 3880 bunc
946 3835 987 3880 ex
1012 3819 1166 3901 proximis
1187 3837 1273 3883 unus

220 3921 375 3984 iacentem
398 3927 611 4005 transgressus
634 3923 746 3986 eodem
767 3922 822 3986 illo
845 3941 976 3987 munere
995 3923 1198 4007 bmgebatur3
1222 3942 1274 3989 ea·
