2738 4424
444 287 552 343 LIBER
568 286 630 342 VH.
649 285 724 341 olP.
743 286 866 341 ol-ou.
1122 270 1183 331 159

127 442 331 513 Viridomaro
358 452 455 531 atque
480 448 695 533 Eporedorige
722 446 865 511 Haeduis
892 446 1067 529 appellatus
1094 446 1186 510 discit

129 574 205 620 oum
231 554 318 619 omni
342 555 485 638 equitatu
507 553 703 618 litaviccum
730 553 770 616 ad
797 551 1013 617 sollicitandos
1034 550 1186 615 Haeduos

129 659 318 745 pmfectum3
347 679 426 744 opus
454 679 522 726 esse
549 661 634 743 ipsos
661 659 846 723 antecedere
874 658 914 723 ad
938 657 1185 722 confirmandam

130 767 298 832 civitatem
344 767 403 832 etei
430 766 538 830 multis
569 767 633 830 iam
664 764 759 830 rebus
790 763 954 848 perfidiam
980 762 1214 830 Haeduoruma

129 877 325 958 perspectam
352 870 489 937 habebat
515 877 610 955 atquo
641 872 756 935 horum
787 871 928 935 discessu
954 870 1106 933 maturari
1133 868 1187 933 de-

128 980 298 1044 fectionem
319 979 455 1043 civitatis
479 977 693 1062 existimabat,
715 983 822 1041 tamen
845 995 899 1040 eos
918 974 1102 1040 retinendos
1120 994 1187 1039 non

130 1086 266 1170 censuit,
288 1103 330 1150 ne
346 1088 401 1148 ant
414 1084 530 1148 inferre
544 1084 694 1147 iniuriam
708 1083 869 1148 videretur
888 1088 943 1146 aut
962 1082 1052 1146 daret
1066 1081 1187 1145 timoris

130 1192 269 1275 aliquam
296 1191 516 1274 suspicionem.
562 1189 797 1255 discedentibus
828 1189 868 1253 iis
898 1188 1037 1254 breviter
1067 1207 1126 1252 sua
1152 1188 1215 1254 ine

130 1297 282 1362 Haeduos
303 1297 417 1361 merita
439 1296 600 1379 exposuit:
625 1314 705 1378 quos
728 1300 760 1360 et
783 1314 879 1378 quam
896 1295 1032 1360 humiles
1050 1295 1187 1378 accepis·

129 1408 191 1489 set,
214 1403 393 1488 compulsos
416 1402 451 1464 in
466 1401 594 1486 oppida,
616 1402 766 1467 multatos
789 1402 883 1486 agris,
907 1401 1054 1465 omnibus
1074 1401 1215 1484 ereptisr

129 1511 234 1591 sociis,
249 1508 396 1593 imposito
410 1508 576 1592 stipendio,
591 1507 754 1572 obsidibus
769 1527 894 1572 summa
908 1527 981 1572 curn
997 1507 1189 1572 contumelia

131 1615 277 1698 extortis,
300 1618 332 1678 et
354 1632 450 1697 quam
472 1615 507 1677 in
529 1613 688 1678 fortunam
712 1632 871 1698 quamque
893 1615 928 1676 in
948 1614 1188 1698 amplitudinem

131 1721 287 1802 duxisset,
318 1722 355 1784 ut
384 1739 450 1783 non
479 1720 583 1784 solum
614 1721 649 1782 in
678 1721 849 1804 pristinum
878 1724 995 1783 statum
1024 1720 1189 1802 redissent,

130 1825 187 1890 sed
202 1825 344 1889 omnium
367 1830 545 1910 temporum
568 1826 754 1909 dignitatem
778 1831 809 1889 et
829 1827 963 1909 gratim
983 1827 1188 1890 antecessisse

130 1930 323 1995 viderentur.
368 1932 418 1996 his
441 1931 524 1995 datis
546 1930 704 1995 mandatis
726 1950 781 1996 eos
804 1931 843 1995 ab
866 1950 900 1995 se
924 1930 1050 1994 dimisit.

218 2036 448 2101 Noviodunum
470 2040 538 2102 erat
560 2037 711 2120 oppidum
733 2036 941 2102 Haeduorum
968 2036 1008 2099 ad
1029 2038 1114 2120 ripas
1136 2033 1187 2099 Li·
1205 2050 1242 2107 55

130 2142 215 2227 geris
238 2148 394 2226 oportuno
416 2143 486 2206 loco
508 2144 655 2226 positum.
700 2143 765 2207 huc
788 2140 902 2206 Caesar
928 2161 1037 2207 omnes
1064 2141 1214 2208 obsidesr

132 2247 266 2333 Galliae,
297 2249 505 2331 frumentum,
536 2248 704 2332 pecuniam
730 2248 903 2332 publicam,
934 2267 1065 2312 suorum
1092 2254 1187 2332 atque

131 2355 290 2420 exercitos
305 2354 603 2438 impedimentorum
618 2374 766 2438 magnam
780 2359 903 2438 partem
918 2354 1108 2435 contulerat3
1125 2354 1214 2422 huos

130 2480 282 2546 magnum
309 2479 480 2526 numerum
507 2479 662 2544 equorum
689 2461 784 2524 huius
811 2459 886 2525 belli
913 2479 1009 2525 causa
1034 2461 1070 2523 in
1095 2459 1188 2525 Italia

131 2571 226 2650 atque
252 2567 409 2652 Hispania
436 2571 615 2650 coemptum
641 2567 777 2631 miserat
823 2585 860 2631 eo
888 2585 962 2631 cum
987 2565 1215 2650 Eporedorixs

130 2672 415 2755 Viridomarusque
430 2674 594 2738 venissent
608 2678 640 2736 et
654 2672 694 2738 de
709 2677 793 2736 statu
808 2673 942 2738 civitatis
958 2674 1188 2758 cognovissent,

132 2777 327 2844 litaviccum
349 2778 496 2844 Bibracte
519 2779 558 2843 ab
581 2778 726 2844 Haeduis
747 2784 921 2863 receptum,
949 2779 1035 2862 quod
1061 2785 1110 2846 est
1133 2800 1188 2864 op

132 2884 243 2967 pidum
274 2885 358 2968 apud
389 2904 444 2950 eos
474 2886 632 2949 maximae
664 2886 872 2969 auctoritatis,
905 2884 1188 2950 Conuictolitauem

132 2990 351 3073 magistratum
382 3009 593 3074 magnamque
623 2997 743 3074 partem
775 2997 902 3056 senatus
936 2992 976 3055 ad
1008 3010 1081 3055 eum
1114 3011 1188 3056 con-

133 3095 270 3179 venisse,
297 3094 416 3179 legatos
439 3096 479 3160 ad
500 3096 794 3181 Vercingetorigem
821 3097 860 3162 do
886 3116 963 3181 pace
992 3101 1024 3161 et
1051 3099 1188 3162 amicitia

133 3200 332 3264 concilianda
352 3200 479 3285 publice
501 3203 626 3285 missos,
648 3221 714 3266 non
731 3202 1047 3286 praetermittendum
1064 3208 1187 3268 tantum
1285 3281 1288 3290 Ι

134 3305 336 3370 commodum
358 3307 626 3372 existimaverunt.
671 3309 779 3390 itaque
806 3308 978 3372 interfectis
1005 3306 1215 3376 Noviodunie

134 3411 327 3495 custodibus,
350 3413 469 3496 quique
482 3431 520 3476 eo
534 3413 718 3497 negotiandi
734 3433 829 3478 causa
844 3419 1071 3496 convenerant,
1093 3434 1188 3499 pecu·

133 3519 220 3581 niam
242 3521 337 3602 atque
360 3537 459 3602 equos
480 3519 564 3582 inter
585 3536 620 3582 se
641 3520 748 3603 partiti
770 3524 857 3601 srmt,
880 3519 1006 3584 obsides
1024 3521 1215 3588 civitatume

133 3623 282 3689 Bibracte
297 3625 338 3688 ad
352 3625 572 3708 magistratum
588 3624 789 3688 deducendos
805 3632 1010 3709 curaverunt,
1030 3628 1188 3713 oppidum,
1202 3653 1215 3696 r

134 3729 222 3812 quod
244 3750 265 3794 a
285 3749 320 3795 se
342 3731 443 3794 teneri
466 3748 532 3794 non
553 3749 646 3813 posse
668 3730 865 3813 iudicabant,
887 3750 929 3795 ne
946 3733 998 3796 cui
1014 3737 1097 3797 esset
1116 3735 1189 3798 usui

133 3835 298 3920 Romanis,
329 3835 554 3920 incenderunt,
586 3837 737 3900 frumenti
764 3838 850 3919 quod
876 3838 980 3902 subito
1010 3844 1217 3923 potuerunt,s

132 3943 271 4008 navibus
294 3947 483 4025 avexerunt,
506 3943 665 4026 reliquum
687 3942 819 4007 flumine
841 3949 936 4028 atque
954 3946 1103 4010 incendio
1122 3965 1190 4010 cor-
