2738 4424
441 284 547 340 LIBER
564 285 626 339 ΠΠ.
646 284 722 340 ch.
743 283 865 339 18-22.
1141 267 1183 332 73

125 446 355 513 mercatoribus
369 466 473 529 neque
492 453 611 528 quanta
627 453 709 510 esset
722 445 846 510 insulae
864 444 1064 528 magnitudo,
1078 463 1185 528 neque

127 572 209 637 quae
227 557 284 617 aut
306 557 444 634 quantae
462 553 607 615 nationes
629 551 817 634 incolerent,
839 569 944 633 neque
972 569 1068 632 quem
1089 570 1185 614 usum

127 659 203 725 belli
226 658 380 724 haberent
402 663 458 723 aut
481 657 599 741 quibus
621 658 774 722 institutis
796 661 974 739 uterentur,
999 674 1106 739 neque
1130 657 1186 737 qui

127 771 233 831 essent
259 765 300 828 ad
326 764 479 829 maiorem
506 764 636 827 navium
661 762 900 827 multitudinem
930 762 1038 826 idonei
1068 765 1185 845 portus,

127 872 267 956 reperire
289 874 419 954 poterat
464 869 517 934 Ad
539 869 618 933 haec
642 868 873 952 cognoscenda,
893 868 1082 952 priusquam
1104 867 1185 951 peri-
1202 873 1238 930 21

129 977 238 1042 culum
268 976 396 1056 faceret,
426 975 578 1039 idoneum
611 993 680 1039 esse
716 973 886 1039 arbitratus
923 971 954 1036 0.
985 973 1185 1038 Volusenum

128 1101 202 1147 cum
228 1082 306 1147 navi
332 1081 429 1165 longa
454 1082 633 1165 praemittit
682 1080 758 1144 huic
783 1080 927 1162 mandat,
952 1083 990 1144 ut
1016 1079 1212 1163 exploratior

129 1187 278 1253 omnibus
299 1186 395 1251 rebus
417 1187 457 1251 ad
479 1205 513 1251 se
537 1205 633 1268 quam
647 1186 788 1270 primum
801 1189 985 1251 revertatur.
1029 1186 1099 1269 ipse
1113 1204 1213 1251 cume

129 1293 277 1358 omnibus
300 1293 400 1376 copiis
426 1292 463 1356 in
483 1292 625 1356 Morinos
651 1289 877 1375 proficiscitur,
905 1290 991 1374 quod
1016 1291 1093 1356 inde
1120 1295 1187 1355 erat

127 1398 334 1465 brevissimus
355 1399 392 1462 in
413 1397 612 1461 Britanniam
638 1398 795 1462 traiectus.
840 1398 904 1461 huc
924 1416 1022 1462 naves
1044 1397 1214 1480 undiquee

128 1525 171 1571 ex
188 1505 334 1570 finitimis
351 1503 535 1588 regionibus
553 1508 598 1586 et,
620 1523 715 1588 quam
738 1503 900 1588 superiore
922 1508 1038 1569 aestate
1060 1504 1101 1568 ad
1121 1504 1187 1569 Ve-

128 1612 270 1678 neticum
288 1610 408 1675 bellum
425 1609 554 1694 fecerat,
577 1610 708 1674 classem
726 1609 816 1675 iubet
838 1611 1015 1675 convenire.
1057 1611 1213 1677 interime

129 1718 262 1782 consilio
291 1717 361 1782 eius
388 1717 515 1800 cognito
543 1721 575 1781 et
600 1735 657 1801 per
683 1720 875 1781 mercatores
901 1715 1021 1799 perlato
1050 1716 1090 1779 ad
1116 1716 1187 1780 Bri·

129 1828 245 1889 tannos
272 1842 292 1886 a
318 1822 534 1906 compluribus
561 1822 685 1886 insulae
714 1820 896 1887 civitatibus
923 1821 963 1885 ad
990 1841 1065 1887 eum
1090 1822 1188 1906 legati

129 1929 276 2011 veniunt,
300 1928 356 2011 qui
378 1927 588 2011 polliceantur
611 1926 739 1992 obsides
762 1927 837 1991 dare
859 1930 955 2010 atque
977 1927 1110 2011 imperio
1133 1947 1188 2011 po·

129 2035 199 2120 puli
220 2034 357 2098 Romani
380 2033 605 2118 obtemperare.
652 2032 768 2116 quibus
791 2032 907 2096 auditis
929 2031 1103 2098 liberaliter
1119 2033 1214 2117 pol-e

129 2141 235 2206 licitus
257 2140 480 2223 hortatusque,
507 2143 544 2202 ut
565 2139 600 2202 in
623 2156 660 2202 ea
687 2139 845 2203 sententia
871 2143 1106 2222 permanerent,
1133 2158 1188 2204 eos

131 2247 261 2311 domum
287 2246 421 2311 remittit
452 2249 585 2311 etcum
612 2245 652 2309 iis
679 2264 745 2308 una
775 2243 967 2327 Commium,
999 2263 1094 2327 quem
1120 2246 1214 2330 ipset

129 2351 335 2418 Atrebatibus
358 2351 514 2436 superatis
529 2370 637 2434 regem
652 2350 698 2414 ibi
714 2350 933 2433 constituerat,
956 2351 1049 2415 cuius
1071 2355 1104 2416 et
1124 2353 1189 2417 vir·

131 2464 234 2526 tutem
265 2464 297 2525 et
324 2457 493 2522 consilium
519 2457 673 2541 probabat
698 2461 731 2522 et
758 2476 854 2540 quem
880 2456 941 2522 sibi
966 2456 1094 2522 fidelem
1120 2477 1189 2524 esse

132 2565 353 2649 arbitrabatur,
376 2564 532 2647 cuiusque
554 2564 725 2628 auctoritas
741 2563 777 2626 in
800 2563 850 2628 his
872 2562 1058 2647 regionibns
1079 2565 1188 2650 magni

131 2670 313 2754 habebatur,
335 2671 439 2735 mittit
485 2669 562 2734 huic
584 2669 732 2753 imperat,
756 2688 834 2752 quas
856 2671 967 2754 possit,
991 2670 1089 2735 ¹adeat
1111 2673 1215 2738 civi-a

132 2783 212 2844 tates
233 2779 453 2860 horteturque,
476 2780 513 2840 ut
534 2775 644 2860 populi
664 2775 801 2840 Romani
821 2775 919 2841 fidem
934 2782 1118 2861 sequantur,
1141 2798 1189 2844 se·

134 2902 196 2968 que
218 2883 364 2949 celeriter
386 2902 424 2948 eo
447 2885 620 2948 venturum
636 2883 771 2948 nuntiet
815 2882 999 2948 Volusenus
1018 2886 1216 2968 perspectiso

133 2989 329 3074 regionibus,
358 2993 513 3071 quantum
542 2988 573 3053 ei
598 2988 757 3056 facultatis
785 2987 854 3052 dari
879 2989 996 3073 potuit,
1029 2992 1084 3073 qui
1113 2992 1190 3056 navi

134 3095 243 3179 egredi
265 3113 301 3159 ac
324 3114 357 3160 se
379 3093 522 3159 barbaris
541 3095 737 3160 committere
760 3113 826 3158 uon
850 3094 993 3178 auderet,
1015 3094 1055 3159 V.
1078 3096 1130 3161 die
1149 3097 1190 3162 ad

135 3199 301 3265 Gaesarem
322 3201 505 3283 revertitur,
533 3218 678 3283 quaeque
700 3199 746 3265 ibi
767 3201 991 3285 perspexisset,
1018 3203 1189 3268 renuntiat

223 3303 308 3369 Dum
331 3306 368 3369 in
389 3305 440 3370 his
462 3304 541 3371 locis
564 3305 679 3370 Caesar
699 3306 830 3369 navium
856 3305 1069 3390 parandarum
1094 3326 1191 3374 eausa
1207 3317 1245 3374 22

135 3417 289 3496 moratur,
313 3429 354 3475 ex
376 3430 492 3494 magna
513 3415 600 3495 parte
624 3410 822 3475 Morinorum
843 3412 890 3493 tad
915 3430 990 3477 eum
1015 3413 1112 3497 legati
1137 3435 1190 3482 ve·

135 3522 266 3601 nerunt,
290 3517 346 3601 qui
368 3535 403 3581 se
427 3516 466 3581 de
488 3517 660 3600 superioris
676 3519 827 3601 temporis
842 3518 975 3583 consilio
995 3527 1192 3606 excusarent,

139 3624 226 3708 quod
256 3624 402 3688 homines
433 3621 560 3687 barbari
586 3627 618 3687 et
642 3627 770 3689 noemae
793 3624 1031 3691 consuetudinis
1056 3627 1193 3712 imperiti

135 3731 256 3797 bellum
282 3729 400 3815 populo
426 3727 570 3793 Romano
596 3729 757 3814 fecissent,
784 3748 883 3813 seque
908 3750 959 3814 ea,
986 3751 1068 3816 quae
1093 3733 1193 3819 irnpe-
1251 3792 1266 3803 ,.

135 3841 248 3920 rasset,
270 3837 409 3901 facturos
431 3834 664 3920 pollicerentur.
709 3835 769 3900 hoe
790 3835 852 3901 sibi
875 3834 990 3907 (laesas
1010 3839 1087 3905 satis
1101 3836 1251 3925 opor-if

137 3949 213 4009 tune
235 3941 388 4007 accidisse
411 3940 595 4026 arbitratus,
618 3941 704 4026 quod
718 3961 823 4028 neque
837 3947 910 4029 post
923 3947 1049 4030 tergum
1070 3945 1194 4017 hostem
