2738 4424
227 233 291 297 174
621 252 726 307 BllLLI
743 252 885 308 omnim

226 411 267 474 ad
290 415 390 476 castra
411 412 548 477 insecuti
570 414 621 478 sui
639 414 811 499 colligendi
829 414 1009 479 facultatem
1030 431 1098 477 non
1116 411 1282 478 dederunt

198 520 259 582 eat
279 516 316 599 ii,
344 517 401 600 qui
423 517 532 582 Alesia
553 524 781 604 processerant,
808 521 930 585 maesti¹
946 537 1044 604 prope
1067 518 1200 582 victoria
1227 517 1282 582 de-

172 636 207 692 81
226 627 349 706 sperata
374 642 408 688 se
438 625 474 687 in
503 625 653 709 oppidum
678 630 873 710 recepenmt.
918 624 992 690 Uno
1020 624 1073 689 die
1099 622 1281 688 intermisso

227 726 309 791 Galli
332 732 427 812 atque
453 730 512 794 hoc
538 731 638 813 spatio
665 750 780 816 magno
803 732 949 816 cratium,
976 730 1145 812 scalarum,
1169 728 1282 812 harpa·

225 853 344 918 genum
374 853 507 900 numero
539 836 647 901 effecto
678 836 784 902 media
812 842 906 902 nocte
938 835 1064 901 silentio
1097 853 1139 899 ex
1170 825 1282 899 eastris

199 942 345 1023 regressi
371 942 412 1005 ad
439 946 629 1026 campestres
656 943 849 1008 munitiones
876 942 1039 1007 accedunt
1085 939 1189 1006 subito
1218 938 1281 1003 cla·

224 1065 313 1112 more
330 1047 467 1130 sublato,
490 1068 554 1131 qua
567 1047 810 1134 significatione,
829 1050 886 1132 qui
907 1048 943 1112 in
959 1047 1073 1131 oppido
1092 1045 1282 1111 obsideban-

224 1157 290 1236 tur,
313 1152 352 1218 de
375 1172 433 1217 suo
457 1153 596 1218 adventu
622 1173 811 1237 cognoscere
837 1157 979 1238 possent,
1007 1157 1108 1218 crates
1129 1152 1282 1236 proicere,

224 1258 344 1343 fundis,
370 1260 504 1343 sagittis,
529 1259 688 1343 lapidibus
709 1264 834 1325 nostros
856 1260 895 1325 de
916 1260 1001 1324 vallo
1023 1258 1209 1345 proturbare
1231 1277 1282 1322 re-

224 1364 389 1448 liquaque,
412 1384 493 1449 quae
515 1366 556 1429 ad
579 1367 846 1450 oppugnationem
860 1367 1032 1450 pertinent,
1053 1368 1166 1449 parant
1180 1362 1280 1426 admi-

198 1470 367 1534 enistrare.
394 1470 506 1536 eodem
520 1474 660 1554 tempore
676 1472 811 1536 clamore
827 1472 975 1536 exaudito
992 1471 1046 1536 dat
1059 1470 1136 1534 tuba
1150 1469 1280 1553 signum

197 1575 291 1638 esuis
302 1573 545 1660 Vercingetorix
557 1581 651 1660 atque
672 1596 714 1641 ex
729 1577 842 1660 oppido
863 1578 977 1642 educit
1010 1576 1120 1660 nostri,
1134 1580 1172 1640 ut
1186 1594 1280 1658 supe·

223 1680 361 1745 rioribus
384 1681 495 1746 diebus
517 1701 595 1746 suus
614 1682 730 1766 cuique
750 1688 817 1747 erat
834 1683 924 1747 loous
944 1682 1126 1764 attributus,
1149 1681 1190 1745 ad
1209 1700 1280 1744 mu·

223 1786 362 1852 nitiones
389 1788 557 1870 accedunt3
584 1788 691 1852 tundis
717 1788 874 1852 librilibus
900 1788 1110 1872 sudibusque,
1139 1806 1218 1870 quas
1244 1786 1279 1850 in

196 1910 319 1976 cepere
343 1894 573 1979 disposuerant,
600 1913 637 1959 ac
658 1894 827 1978 glandibus
850 1893 955 1958 Gallos
976 1896 1162 1977 proterrent
1206 1911 1279 1977 pro·

224 2003 335 2082 spectu
353 1998 491 2064 tenebris
511 2001 655 2084 adempto
674 2000 775 2064 multa
790 2001 951 2083 utrimque
966 1999 1099 2063 ualuere
1117 1999 1279 2082 accipiun-

196 2108 290 2187 otur;
319 2105 481 2189 complura
502 2106 667 2170 tormentis
689 2106 751 2171 tela
773 2107 958 2170 coiciuntur.
1004 2109 1036 2169 at
1056 2102 1099 2167 M.
1114 2104 1278 2169 Antonius

223 2215 256 2275 et
277 2210 310 2275 0.
325 2211 499 2276 Trebonius
520 2211 630 2296 legati,
653 2211 770 2294 quibus
789 2213 848 2276 hae
863 2216 966 2295 partes
987 2211 1028 2274 ad
1042 2209 1277 2276 defendendum

224 2316 429 2401 obvenerant,
452 2337 516 2401 qua
538 2323 690 2402 exparte
712 2323 836 2383 nostros
855 2319 957 2401 premi
969 2317 1204 2399 intellexerant,
1226 2314 1277 2380 bis

224 2423 343 2486 auxilio
376 2442 417 2487 ex
445 2423 649 2488 ulterioribus
681 2425 821 2488 'castellis
854 2424 1005 2488 deductos
1041 2420 1276 2487 submittebant

169 2535 205 2591 82
222 2525 309 2591 Dum
329 2528 456 2612 longius
479 2550 498 2593 a
516 2531 693 2595 munitione
715 2529 846 2594 aberant
860 2529 956 2613 Galli,
979 2528 1051 2612 plus
1069 2527 1276 2592 multitudine

223 2633 358 2697 telorum
392 2634 609 2718 proficiebant;
641 2640 848 2718 posteaquam
878 2635 1008 2718 propius
1044 2637 1276 2715 successerunt,

224 2741 279 2801 aut
301 2758 334 2803 se
349 2740 485 2804 stimulis
503 2742 703 2825 inopinantes
724 2740 899 2806 induebant
920 2740 1024 2803 autin
1038 2738 1164 2804 scrobes
1179 2737 1276 2803 delati

223 2844 512 2909 transfodiebantur
542 2851 597 2910 aut
628 2866 670 2911 ex
696 2847 780 2910 vallo
812 2866 849 2911 ac
879 2845 1020 2910 tunibus
1049 2844 1171 2908 traiecti
1200 2844 1274 2928 pilis

196 2949 399 3014 amuralibus
425 2952 605 3016 interibant
650 2952 758 3017 multis
786 2952 928 3035 undique
951 2949 1139 3016 vulneribus
1165 2968 1275 3032 accep·

223 3057 264 3121 tis
286 3057 374 3120 nulla
395 3057 573 3122 munitione
599 3062 759 3142 perrupta,
787 3077 861 3122 cum
887 3058 947 3120 lux
973 3056 1145 3140 adpeteret,
1170 3055 1275 3138 veriti,

224 3181 265 3226 ne
287 3162 325 3226 ab
347 3162 444 3227 latere
467 3168 573 3248 aperto
596 3163 874 3247 exsuperioribus
896 3164 1006 3226 castris
1028 3161 1192 3246 eruptione
1214 3161 1274 3224 cir-

196 3270 494 3353 aoumvenirentur,
517 3287 551 3334 se
571 3269 611 3333 ad
630 3289 705 3334 suos
719 3275 913 3353 receperunt
950 3275 982 3332 at
999 3268 1177 3349 interiores,
1198 3266 1275 3329 dum

225 3393 273 3459 ea,
297 3394 378 3456 quae
398 3374 688 3460 aVeroingetorige
708 3376 748 3438 ad
768 3376 965 3459 eruptionem
979 3377 1163 3458 praeparata
1177 3375 1275 3455 erant,

196 3480 398 3564 rproferunt,
420 3483 541 3564 priores
562 3482 661 3546 fossas
684 3482 825 3564 explent,
848 3480 968 3544 diutim
987 3481 1022 3542 in
1041 3480 1091 3543 his
1105 3477 1201 3542 rebus
1220 3475 1275 3540 ad·

223 3586 439 3651 ministrandis
469 3588 583 3651 morali
612 3589 702 3671 prius
733 3606 807 3650 suos
839 3586 1018 3650 discessisse
1050 3586 1277 3667 cognovenmt,

226 3710 320 3774 quam
350 3692 582 3756 munitionibus
614 3693 908 3776 adpropinquarent
954 3691 999 3754 ita
1028 3710 1063 3755 re
1094 3689 1210 3752 infecta
1240 3686 1276 3750 in

170 3803 207 3859 88
225 3797 378 3881 oppidum
398 3802 603 3863 reverterunt
640 3798 696 3862 Bis
715 3816 831 3881 magno
851 3816 925 3861 cum
948 3796 1134 3861 detrimento
1156 3792 1277 3878 repulsi

226 3901 321 3984 Galli,
340 3904 417 3986 quid
431 3909 536 3987 agant,
555 3903 738 3984 consulunt,
758 3903 900 3966 locorum
916 3902 1032 3985 peritos
1050 3900 1215 3981 adhibent3
1235 3917 1277 3965 ex
