2738 4424
183 220 224 282 14
578 234 682 288 BELLI
701 233 842 288 GALLIOE

154 393 343 477 rsuperiorc
370 395 438 460 acie
465 396 683 478 constiterant
705 395 825 458 muniri
847 394 970 458 iussit*
999 391 1143 458 Helvetii
1165 407 1240 458 cum

182 499 330 564 omnihus
357 501 423 565 suis
451 501 548 565 carris
575 500 676 588 secuti
702 500 927 583 impedimenta
952 499 988 562 in
1008 519 1111 563 unum
1132 499 1240 564 locum

153 605 396 687 acontulerrmt3
419 606 482 689 ipsi
498 605 727 670 confertissima
742 606 810 671 acie
832 606 949 670 reiecto
972 610 1079 670 nostro
1096 607 1240 689 equitatu

180 709 334 795 phalange
361 711 444 775 facta
470 711 529 776 sub
554 711 688 794 primam
716 716 856 775 nostram
883 712 984 776 aciem
1010 716 1239 777 successerunt

126 826 162 883 Ξῖ)
182 813 296 880 Caesar
324 817 464 900 primum
494 835 566 900 suo,
598 816 711 882 deinde
744 818 886 881 omnium
915 835 957 880 ex
988 823 1160 901 conspectu
1190 837 1240 883 re·

180 923 274 985 motis
296 922 400 1005 equis,
422 926 459 986 ut
481 927 613 1004 aequato
637 923 781 986 omnium
802 923 943 1007 perioulo
962 942 1050 1007 spem
1068 923 1162 1008 togae
1180 924 1240 988 tol-

154 1026 271 1112 aleret,
299 1029 478 1094 cohortatus
505 1048 579 1093 suos
601 1029 757 1113 proelium
780 1030 944 1094 commisit
989 1029 1107 1094 milites
1128 1049 1146 1095 c
1168 1031 1239 1095 loco

181 1134 342 1217 superiore
367 1133 441 1217 pilis
467 1135 572 1199 missis
593 1134 685 1200 facile
708 1135 847 1199 hostium
867 1135 1058 1219 phalangem
1083 1136 1240 1220 perfrege-

180 1244 263 1304 runa
309 1258 347 1305 ea
373 1239 506 1305 disiecta
532 1240 645 1325 gladiis
668 1241 826 1305 destrictis
848 1241 883 1304 in
906 1259 959 1306 eos
981 1242 1137 1326 impetum
1159 1242 1239 1305 fece·

153 1351 263 1410 arunt.
303 1345 401 1409 Gallis
423 1366 537 1429 magno
561 1345 601 1409 ad
627 1366 768 1430 pugnam
795 1351 862 1411 erat
886 1347 1126 1431 impedimento,
1154 1347 1240 1430 quod

179 1451 324 1536 pluribus
344 1470 454 1516 eorum
476 1453 575 1516 scutis
599 1471 663 1516 uno
686 1453 751 1516 ictu
774 1453 913 1536 pilorum
930 1451 1092 1517 transfixis
1115 1457 1148 1518 et
1165 1472 1238 1518 oon·

180 1558 298 1641 ligatis,
326 1577 399 1622 oum
425 1558 545 1621 sermm
572 1576 606 1622 se
633 1556 822 1639 inflexisset,
849 1575 954 1641 neque
977 1558 1111 1624 evellere
1134 1575 1239 1641 neque

153 1664 309 1727 asinistra
334 1663 487 1747 impedita
508 1665 585 1727 satis
608 1664 772 1727 commode
793 1683 934 1747 pugnare
959 1668 1118 1748 poterant,
1145 1664 1240 1728 multi

180 1775 217 1833 ut
234 1769 291 1833 diu
313 1769 426 1834 iactato
441 1768 589 1833 bracchio
606 1773 826 1853 praeoptarent
843 1774 969 1833 scutum
983 1789 1083 1833 manu
1098 1771 1240 1835 emittere

153 1879 211 1941 aet
237 1875 323 1938 nudo
352 1893 481 1956 corpore
507 1893 656 1958 pugnare.
701 1876 827 1939 tandem
855 1875 1043 1940 vulneribus
1071 1876 1186 1941 defessi
1208 1881 1241 1942 et

179 1980 293 2064 pedem
314 1980 431 2044 referre
446 1984 490 2062 et,
514 1980 599 2062 quod
620 2000 712 2044 mons
735 1980 843 2046 aberat
865 1982 991 2046 circiter
1012 1981 1101 2046 mille
1118 2001 1240 2066 passus,

132 2105 218 2163 ,seo
246 2105 279 2149 se
305 2087 446 2169 recipere
469 2091 648 2170 coeperunt.
694 2093 782 2173 capto
809 2093 915 2151 monte
943 2091 974 2151 et
996 2087 1239 2152 succedentibus

180 2192 295 2256 nostris
318 2191 377 2256 Boi
401 2197 432 2256 et
449 2192 591 2277 Tulingi,
615 2193 672 2276 qui
693 2194 857 2257 hominum
878 2191 1009 2255 milibus
1032 2193 1157 2257 circiter
1173 2190 1239 2255 XV

181 2317 295 2382 agmen
321 2298 462 2362 hostium
489 2299 678 2364 claudebant
704 2302 736 2363 et
756 2298 937 2363 novissimis
960 2297 1117 2381 praesidio
1141 2302 1238 2380 erant,

181 2422 223 2469 ex
246 2404 360 2468 itinere
379 2409 504 2469 nostros
525 2404 563 2469 ab
584 2405 682 2469 latere
703 2408 808 2487 aperto
833 2403 974 2486 adgressi
999 2403 1238 2487 circumvenire,

182 2515 214 2574 et
234 2510 270 2574 id
290 2511 463 2594 conspicati
482 2509 633 2594 Helvetii,
658 2511 715 2593 qui
736 2512 771 2573 in
792 2515 932 2574 montem
955 2526 1023 2573 sese
1045 2515 1238 2594 receperant,

155 2640 167 2685 r
180 2635 291 2680 rursus
305 2618 423 2681 instare
439 2622 471 2681 et
484 2616 641 2700 proelium
659 2616 873 2699 redintegrare
889 2618 1069 2699 coeperunt
1102 2612 1238 2679 Romani

181 2741 335 2786 conversa
349 2723 439 2806 signa
453 2723 598 2805 bipertito
613 2722 802 2786 intulerunt:
823 2722 924 2805 prima
939 2725 970 2784 et
984 2720 1125 2784 secunda
1144 2723 1239 2806 acies,

180 2831 217 2891 ut
231 2827 332 2892 'vietis
354 2847 392 2892 ao
410 2827 564 2892 submotis
583 2828 755 2909 resisteret,
777 2828 881 2910 tertia,
903 2831 940 2891 ut
960 2826 1124 2891 venientes
1143 2828 1238 2892 susti·

128 2947 164 3005 26
181 2938 279 2997 neret
310 2933 360 2996 Ita
374 2933 504 3016 ancipiti
518 2933 639 3017 proelio
663 2934 719 2997 diu
741 2938 836 3016 atque
858 2934 971 2997 acriter
989 2937 1165 3016 pugnatum
1181 2938 1238 2997 est

183 3039 304 3104 diutius
338 3058 410 3102 oum
441 3039 597 3105 sustinere
628 3044 808 3102 nostrorum
838 3039 974 3122 impetus
1004 3058 1071 3103 non
1100 3044 1239 3124 possent,

182 3146 274 3210 alteri
295 3165 342 3229 se,
369 3149 406 3209 ut
427 3149 607 3229 coeperant,
634 3145 669 3208 in
691 3149 832 3209 montem
855 3150 1055 3228 receperunt,
1083 3145 1174 3210 alteri
1197 3146 1237 3209 ad

156 3252 407 3336 aimpedimenta
430 3254 462 3314 et
483 3269 589 3314 carros
611 3270 684 3314 suos
702 3269 736 3315 se
755 3250 964 3314 oontrrlerunt
1000 3269 1075 3313 nam
1091 3251 1238 3316 hoctoto

182 3358 315 3442 proelio,
338 3376 411 3421 cum
434 3355 472 3419 ab
496 3356 573 3419 hora
595 3357 728 3440 septima
750 3356 791 3420 ad
809 3375 975 3439 vesperum
992 3356 1238 3440 pugnatum'sit,

156 3483 329 3532 aarersum
351 3462 473 3526 hostem
495 3462 602 3527 ridere
624 3481 718 3526 nemo
740 3463 849 3547 potuit.
893 3461 934 3525 ad
955 3462 1088 3526 multam
1109 3467 1236 3526 noctem

184 3571 279 3634 etiam
302 3569 342 3632 ad
363 3569 588 3651 impedimenta
609 3574 785 3652 pugnatum
803 3573 863 3652 cst,
884 3566 1050 3653 propterea
1072 3569 1157 3651 quod
1177 3586 1238 3651 pro

183 3675 268 3738 vallo
299 3693 404 3738 carros
432 3674 611 3739 obiecerant
642 3680 674 3738 et
705 3694 722 3739 e
753 3674 837 3738 loco>
854 3677 1016 3759 superiore
1046 3675 1081 3737 in
1110 3677 1239 3737 nostros

183 3782 348 3846 venientes
370 3780 434 3844 tela
451 3781 626 3844 coiciebant
648 3784 680 3845 et
700 3800 766 3844 non
784 3780 864 3843 nulli
886 3782 970 3846 inter
987 3797 1092 3844 carros
1109 3778 1236 3842 raedas-

185 3905 249 3970 que
274 3892 409 3951 mataras
432 3906 469 3951 ac
491 3886 631 3970 tragulas
658 3885 855 3952 subiciebant
878 3891 1067 3968 nostrosque
1088 3883 1239 3948 vulnera·
