2738 4424
495 282 602 337 LIBER
619 282 640 336 1.
660 282 736 338 CAP.
757 281 873 338 10-13.
1192 269 1211 331 7

241 441 377 507 muman
400 447 447 508 est
468 444 563 528 Arar,
587 445 673 527 quod
695 462 753 528 per
774 443 855 508 fines
874 443 1082 510 Haeduorum
1104 447 1136 509 et
1158 442 1213 508 Se-
1231 451 1266 507 12

155 566 335 630 quanorum
356 550 392 613 in
406 550 598 614 Rhodanum
620 549 738 634 influit,
761 551 940 615 incredibili
954 551 1096 634 lenitate,
1118 551 1164 613 ita
1177 554 1215 614 ut

156 655 269 739 oculis,
291 656 325 718 in
341 661 445 720 utram
459 662 581 740 partem
596 655 687 740 fluat,
710 657 845 720 iudicari
864 676 930 721 non
948 657 1054 740 possit
1088 656 1122 719 id
1137 655 1214 720 Hel·

155 762 231 824 vetii
257 761 378 825 ratibus
406 781 442 826 ao
464 762 613 826 lintribus
636 763 753 826 iunctis
776 763 961 826 transibant
1003 762 1060 826 ubi
1082 781 1139 846 per
1159 780 1240 830 err-2

155 867 327 950 ploratores
344 867 459 932 Caesar
481 869 595 932 certior
616 868 718 932 factus
741 875 789 932 est
812 873 875 933 tres
897 870 962 931 iam
983 873 1087 952 partes
1110 869 1214 951 copia·

154 993 228 1036 rum
254 972 417 1038 Helvetios
448 974 482 1037 id
508 973 629 1039 flumen
657 975 848 1059 traduxisse,
882 979 1026 1057 quartam
1051 974 1117 1038 fere
1143 991 1215 1058 par·

155 1083 219 1143 tem
246 1081 325 1143 citra
350 1079 471 1144 flumen
493 1081 621 1143 Ararim
642 1080 799 1163 reliquam
822 1099 904 1163 esse,
931 1081 970 1145 de
992 1081 1085 1144 tertia
1107 1079 1216 1163 vigilia

155 1204 229 1249 cum
250 1186 429 1269 legionibus
460 1185 561 1250 tribus
587 1205 605 1251 e
628 1187 738 1251 castris
759 1187 918 1270 profectus
940 1188 981 1250 ad
1003 1189 1215 1270 campartem

154 1293 315 1376 pervenit,
339 1311 421 1375 quae
443 1293 587 1356 nondum
609 1291 730 1357 flumen
753 1294 927 1357 transierat
971 1312 1025 1357 eos
1047 1291 1243 1375 impeditosa

155 1404 188 1462 et
208 1399 410 1483 inopinantes
433 1399 601 1481 adgressus
623 1418 771 1482 magnam
793 1404 914 1482 partem
938 1416 1048 1462 eorum
1063 1396 1213 1477 concidit,

155 1504 271 1585 reliqui
303 1523 372 1568 sese
403 1504 497 1587 fugae
527 1505 720 1568 mandarunt
747 1509 842 1587 atque
870 1505 905 1568 in
930 1505 1091 1588 proximas
1118 1502 1214 1567 silvas

155 1609 352 1673 abdiderunt
398 1611 425 1672 is
447 1629 547 1693 pagus
570 1610 786 1694 appellabatur
806 1611 991 1694 Tigurinus3
1013 1629 1090 1673 nam
1111 1608 1241 1677 omnisa

155 1717 268 1780 civitas
290 1715 438 1780 Helvetia
464 1716 499 1779 in
527 1721 675 1798 quattuor
696 1736 794 1801 pagos
817 1717 919 1780 divisa
942 1721 995 1780 est.
1041 1717 1093 1780 hie
1114 1734 1241 1800 pagusa

156 1840 254 1903 unua,
282 1841 356 1885 cum
378 1821 471 1885 domo
495 1823 624 1905 exisset,
650 1827 778 1907 patrum
800 1828 980 1887 nostrorum
1006 1821 1159 1886 memoria
1180 1820 1214 1886 L

156 1926 301 1990 Cassium
337 1928 499 1992 consulem
536 1929 735 1993 interfecerat
770 1935 802 1993 et
837 1930 907 1993 eius
943 1929 1119 1993 exercitum
1154 1925 1214 1992 sub

157 2034 268 2116 iugum
295 2034 432 2098 miserat
478 2034 521 2097 ita
548 2035 615 2098 sive
643 2054 720 2098 casu
747 2035 814 2099 sive
842 2034 973 2098 consilio
1001 2035 1134 2098 deorum
1155 2034 1241 2102 im·e

157 2139 351 2223 mortalium,
376 2158 456 2220 quae
474 2159 547 2224 pars
566 2141 701 2204 civitatis
719 2139 883 2205 Helvetiae
908 2141 1065 2223 insignem
1088 2138 1215 2203 calami·

156 2251 253 2310 tatem
279 2246 395 2329 populo
420 2245 563 2310 Romano
591 2246 754 2329 intulerat,
778 2265 815 2311 ea
836 2247 982 2329 princeps
1004 2264 1122 2329 poenas
1144 2262 1215 2329 per-

155 2352 259 2416 solvit
305 2371 369 2434 qua
390 2353 425 2416 in
447 2372 483 2417 re
502 2353 617 2418 Caesar
638 2371 705 2416 non
727 2352 831 2416 solum
852 2351 1008 2435 publicas,
1035 2351 1092 2416 sed
1119 2352 1240 2422 etiamr

156 2460 294 2541 privatas
320 2459 455 2522 iniurias
482 2459 569 2522 ultus
596 2463 656 2540 est,
685 2459 770 2541 quod
797 2458 866 2523 eius
892 2459 994 2523 soceri
1020 2456 1054 2521 Ia
1086 2457 1215 2522 Pisonis

156 2584 265 2648 avum,
288 2562 321 2626 L.
345 2564 495 2629 Pisonem
517 2565 668 2648 legatum,
689 2565 832 2648 Tigurini
855 2564 966 2628 eodem
988 2563 1122 2648 proelio,
1150 2581 1214 2645 quo

157 2668 316 2752 Cassium,
337 2670 568 2734 interfecerant.

246 2776 318 2841 Hoc
333 2776 453 2861 proelio
472 2775 553 2840 facto
571 2777 711 2859 reliquas
729 2778 835 2861 copias
848 2775 1069 2841 Helvetiorum
1086 2780 1124 2840 ut
1141 2795 1215 2841 oon·
1235 2783 1273 2841 13

157 2884 251 2965 sequi
272 2888 390 2967 posset,
412 2887 541 2967 pontem
563 2883 600 2945 in
621 2884 716 2946 Arari
738 2882 920 2947 faciendum
942 2886 1032 2947 curat
1054 2887 1149 2964 atque
1170 2883 1216 2946 ita

158 2989 335 3053 exercitum
357 2989 500 3052 traducit
537 2987 677 3053 Helvetii
695 2989 859 3072 repentino
883 2990 951 3053 eius
974 2989 1114 3052 aduentu
1131 3007 1243 3056 eom-a

159 3095 237 3158 moti
264 3114 338 3158 oum
363 3095 409 3179 id,
442 3095 528 3176 quod
553 3095 615 3177 ipsi
643 3094 754 3158 diebus
780 3093 849 3158 XX
874 3095 1046 3178 aegerrime
1074 3093 1216 3159 confece-

160 3204 245 3282 rant,
271 3203 308 3263 ut
329 3198 449 3264 flumen
471 3201 653 3283 transirent,
679 3200 771 3264 illum
793 3219 858 3264 uno
882 3201 934 3264 die
960 3199 1072 3264 fecisse
1094 3199 1217 3264 intelle-

160 3307 284 3390 gerent,
310 3305 430 3389 legutos
458 3306 497 3369 ad
524 3324 599 3370 eum
625 3307 767 3386 mittunt3
796 3305 888 3369 cuins
914 3305 1081 3390 legationis
1103 3303 1217 3370 Divico

160 3412 308 3496 princeps
329 3410 402 3492 fuit,
426 3412 483 3494 qui
504 3410 587 3475 bello
611 3409 759 3474 Cassiano
780 3411 848 3474 dux
865 3410 1087 3476 Helvetiorum
1107 3411 1217 3476 fuerat

161 3519 189 3581 is
211 3518 256 3580 ita
278 3536 352 3580 cum
370 3514 503 3581 Caesare
520 3517 600 3600 egit:
624 3517 652 3580 si
673 3535 784 3600 pacem
805 3517 942 3601 populus
959 3516 1123 3582 &manus
1144 3535 1245 3586 cuma

162 3623 318 3687 Helvetiis
339 3621 468 3706 laceret,
493 3623 528 3686 in
554 3640 624 3687 eam
645 3627 767 3706 partem
789 3623 889 3687 ltmos
911 3628 1007 3706 atque
1028 3623 1075 3688 ibi
1095 3623 1219 3689 futuros

162 3729 338 3810 Helvetico,
360 3728 418 3793 ubi
441 3747 494 3793 eos
518 3727 631 3793 Caesar
653 3730 868 3794 constituisset
890 3733 986 3813 atque
1009 3748 1078 3797 esee
1099 3728 1220 3797 vululn·
1263 3776 1266 3783 -
1303 3740 1306 3745 '

162 3843 225 3916 set3
249 3837 298 3899 sin
321 3834 404 3899 bello
426 3835 575 3918 persequi
592 3840 821 3919 perseveraret,
843 3835 1100 3903 reminisceretur
1115 3838 1171 3905 ab.

164 3942 239 4006 teris
261 3941 455 4005 incommodi
476 3940 586 4025 populi
608 3939 744 4006 Romani
766 3945 799 4006 et
819 3941 972 4026 pristinae
994 3940 1135 4021 virm„
