2738 4424
378 261 485 319 LOEER
501 263 551 319 ΠΙ.
570 263 646 320 ΟΑΡ.
666 264 802 320 26-ΠΠ.
821 264 897 321 OdP.
916 265 941 320 1.
1146 251 1187 315 63

132 426 255 490 hostem
277 425 461 490 conlocabat
482 430 514 489 ot
535 444 593 508 pro
615 425 699 489 vallo
715 425 755 490 ad
771 429 943 510 utrumque
962 427 1045 490 latus
1061 430 1188 492 extme-

133 531 194 595 bat
231 531 412 597 incredibili
433 531 593 596 celeritate
609 550 722 618 magno
738 533 839 616 spatio
861 532 971 615 paucis
986 532 1098 597 dicbus
1114 552 1217 607 con-2

132 638 227 720 fecto,
251 656 324 700 cum
339 638 402 700 iam
416 656 513 720 pecus
533 642 628 719 atque
643 641 785 702 exbema
799 638 1025 721 impedimenta
1039 657 1058 702 a
1072 641 1188 703 nostris

133 748 330 827 tenerentur,
353 744 414 826 ipsi
437 743 598 808 densiores
621 743 716 808 silvas
738 747 894 827 peterent,
917 744 986 808 eius
1004 743 1091 807 modi
1114 749 1189 809 sunt

132 853 332 932 tempestates
350 854 548 930 consecutae,
571 848 619 912 uti
635 868 715 933 opus
729 850 906 914 necessario
928 850 1189 916 intermitteretur

133 962 165 1019 ct
187 956 423 1020 continuatione
445 954 595 1018 imbrium
619 954 738 1020 diutius
756 955 816 1019 sub
830 954 966 1039 pellibus
981 955 1097 1021 milites
1113 975 1188 1021 con-

133 1062 226 1124 tineri
249 1080 316 1124 non
336 1064 472 1145 possent
517 1061 624 1143 itaque
647 1062 776 1125 vastatis
800 1061 947 1125 omnibus
963 1079 1072 1124 eorum
1096 1063 1218 1145 agris&

133 1167 211 1232 vicis
234 1166 449 1248 aedificiisque
471 1167 612 1231 incensis
634 1165 748 1232 Caesar
766 1168 941 1232 exercitum
963 1167 1093 1232 reduxit
1107 1168 1187 1233 etin

132 1273 277 1337 Aulercis
299 1271 526 1355 Lexoviisque,
548 1272 681 1356 reliquis
703 1274 780 1337 item
802 1273 997 1356 civitatibus,
1021 1291 1102 1357 quae
1115 1291 1190 1359 pro-

133 1380 218 1443 xime
240 1378 360 1442 bellum
381 1379 534 1462 fecerant,
555 1378 591 1441 in
612 1378 755 1444 bibernis
777 1379 961 1443 conlocavit

553 1627 766 1638 ——-

450 1851 487 1920 Ο.
509 1853 628 1920 IULII
652 1852 872 1920 CAESARIS

408 1995 599 2070 BELLI
635 1995 903 2074 GALLIOI

508 2151 616 2207 urana
634 2151 806 2218 comeus.

217 2330 278 2414 Ea,
301 2350 383 2415 quae
397 2336 506 2397 secuta
528 2335 588 2413 est,
608 2331 724 2414 hieme,
748 2331 804 2414 qui
825 2330 886 2394 fuit
900 2349 1003 2396 annus
1019 2331 1076 2396 Cn.
1091 2332 1218 2400 Pom-r

128 2439 213 2523 peio,
244 2437 286 2500 Μ.
314 2435 425 2502 Crasso
457 2435 656 2519 consulibus,
687 2434 835 2519 Usipetes
867 2435 1017 2502 Germani
1047 2443 1079 2503 et
1108 2440 1185 2504 item

128 2544 274 2609 Tencteri
287 2562 403 2627 magna
426 2540 523 2627 [oum]
546 2542 751 2606 multitudino
774 2542 940 2606 hominmn
961 2541 1081 2608 flumen
1102 2544 1185 2610 Rhe-

129 2670 207 2714 num
230 2651 437 2732 transierunt,
460 2668 526 2713 non
548 2648 642 2732 longe
666 2649 799 2731 amari,
828 2667 891 2732 quo
913 2648 1045 2714 Rhenus
1070 2649 1184 2716 influit

129 2775 225 2821 causa
246 2754 434 2820 transeundi
455 2753 530 2836 fuit,
558 2754 643 2838 quod
671 2753 710 2817 ab
738 2752 852 2819 Suebis
879 2755 1056 2838 complures
1083 2775 1215 2828 annosa

129 2861 280 2946 exagitati
301 2860 385 2925 bello
407 2859 633 2945 premebantur
655 2864 687 2925 et
709 2861 777 2944 agri
791 2860 917 2925 cultura
930 2861 1183 2945 prohibebantur.

217 2965 396 3033 Sueborum
422 2986 501 3050 gens
527 2971 576 3031 est
601 2965 694 3050 longe
721 2968 861 3030 maxima
887 2971 919 3031 et
945 2967 1214 3040 bellicosissimas

131 3072 360 3138 Germanorum
372 3073 521 3136 omnium.
544 3071 579 3135 bi
590 3078 718 3137 centum
729 3091 826 3156 pagos
837 3071 953 3137 habere
968 3072 1126 3156 dicuntur,
1141 3093 1212 3146 exa

131 3177 248 3263 quibus
271 3178 442 3262 quotannis
465 3177 700 3261 singulamilia
720 3183 911 3240 armatorum
926 3177 1066 3242 bellandi
1088 3199 1184 3245 causa

130 3303 171 3349 ex
193 3283 313 3348 finibus
336 3282 484 3348 educunt
529 3281 658 3366 reliqui,
682 3283 738 3366 qui
761 3281 846 3350 domi
861 3289 1058 3367 manserunt,
1081 3304 1115 3350 se
1138 3290 1184 3350 at-

130 3409 193 3473 que
214 3389 287 3454 illos
310 3388 412 3468 alunt3
435 3389 470 3451 hi
491 3407 603 3451 rursus
629 3389 663 3451 in
685 3388 790 3452 vicem
817 3407 900 3451 anno
927 3394 999 3472 post
1024 3391 1059 3454 in
1087 3392 1213 3462 armies

129 3500 217 3578 sunt,
237 3495 286 3558 illi
309 3493 395 3557 domi
409 3498 581 3558 remanent
625 3494 671 3558 sic
685 3512 791 3577 neque
806 3494 875 3578 agri
890 3494 1015 3559 cultura
1028 3514 1088 3561 nec
1102 3497 1214 3568 ratios

130 3607 224 3686 atque
247 3620 325 3665 usus
347 3598 423 3664 belli
444 3599 669 3662 intermittitur.
708 3600 763 3663 sed
784 3600 899 3683 privati
914 3620 951 3664 ao
966 3603 1100 3684 separati
1115 3604 1209 3687 agri7

130 3707 215 3792 apud
237 3726 292 3772 eos
313 3706 394 3770 nibil
416 3709 476 3788 est,
498 3723 603 3788 neque
617 3705 745 3788 longius
768 3724 852 3769 anno
875 3726 1038 3773 remanere
1060 3728 1125 3773 uno
1147 3709 1183 3772 in

128 3814 198 3879 loco
225 3812 349 3878 colendi
376 3830 472 3875 causa
498 3810 580 3876 licet
633 3829 739 3895 neque
765 3812 904 3876 multum
929 3813 1100 3898 frumento,
1127 3816 1214 3886 seda

128 3921 301 3984 maximam
327 3920 449 4005 partem
475 3916 555 3981 lacte
583 3920 679 4000 atque
704 3935 816 4001 pecore
843 3918 958 3983 vivunt
983 3920 1183 4004 multumque
