2738 4424
219 231 261 295 98
614 244 718 299 BELLI
742 243 882 300 GALLICI

192 431 207 473 a
218 407 321 491 posita
343 406 568 471 existimarent
607 405 708 491 [erant
730 411 763 471 et
784 407 902 470 virtute
918 409 950 470 et
963 424 1096 470 numero
1112 407 1277 491 pugnandi

218 510 331 597 pares]
354 512 467 595 nostri,
489 513 612 576 tametsi
636 512 675 574 ab
699 511 778 575 duce
801 516 833 577 et
855 531 874 574 a
896 511 1023 575 fortuna
1041 512 1278 598 deserebantur,

219 622 325 682 tamen
349 636 474 681 omnem
497 638 586 701 spem
608 617 720 681 salutis
747 618 782 682 in
803 618 922 682 virtute
944 616 1115 702 ponebant,
1142 623 1174 683 et
1197 637 1276 701 quo-

220 723 302 786 tiens
332 742 475 805 quaeque
507 723 618 786 cohors
649 730 859 805 procurreret,
891 723 929 787 ab
963 742 1000 786 ea
1025 728 1113 806 parte
1140 744 1278 808 magnus

193 846 371 895 enumeras
393 829 530 892 hostium
553 828 691 892 cadebat
730 849 794 910 qua
814 847 850 892 re
872 829 1091 893 animadversa
1104 829 1276 896 Ambiorix

218 935 417 1021 pronuntiari
437 935 538 1016 iubet,
560 942 597 998 ut
610 935 719 1017 procul
735 935 798 998 tela
813 935 948 999 coiciant
962 955 1026 999 neu
1041 937 1171 1020 propius
1186 956 1277 1002 aoce-

220 1039 297 1105 dant
314 1045 358 1123 et,
375 1060 469 1122 quam
484 1042 519 1103 in
533 1049 654 1124 partem
669 1040 803 1103 Romani
817 1043 970 1124 impetum
985 1041 1129 1125 fecerint,
1152 1043 1277 1129 cedant,

193 1145 359 1231 r[levitate
380 1166 539 1210 armorum
562 1153 594 1210 et
616 1148 772 1209 cotidiana
796 1147 1020 1211 exercitatione
1042 1148 1123 1210 nihil
1145 1148 1194 1212 his
1217 1169 1277 1214 no·

219 1253 285 1317 ceri
310 1249 430 1336 posse,]
461 1239 572 1315 rursus
599 1270 633 1315 se
660 1252 698 1313 ad
726 1253 818 1335 signa
843 1254 1030 1335 recipientes
1056 1253 1276 1336 insequantur.

163 1374 200 1429 aa
219 1355 289 1432 Quo
311 1363 477 1441 praecepto
501 1357 539 1421 ab
563 1357 602 1420 iis
625 1357 863 1439 diligentissime
879 1357 1057 1440 observato,
1081 1378 1153 1423 cum
1178 1378 1275 1442 quao-

217 1463 303 1545 piam
330 1463 441 1551 cohors
468 1480 510 1525 ex
536 1462 610 1526 orbe
638 1466 817 1526 excesserat
848 1468 942 1544 atque
968 1464 1122 1546 impetum
1148 1464 1275 1551 fecerat

191 1567 323 1633 rhoeteo
344 1568 541 1631 velocissime
563 1567 769 1650 refugiebant
813 1569 942 1632 interim
968 1587 1038 1634 earn
1065 1575 1185 1655 portem
1211 1591 1275 1636 nu·

190 1672 286 1739 adari
307 1692 436 1738 necesse
460 1680 527 1738 erat
549 1678 580 1737 et
603 1673 642 1739 ab
658 1673 754 1737 latere
770 1681 876 1757 aperto
892 1674 953 1738 tela
967 1677 1116 1761 recipere.
1153 1697 1272 1763 rursus,

217 1798 290 1845 oum
312 1780 348 1844 in
370 1799 444 1846 eum
465 1780 585 1864 locum,
608 1781 692 1844 unde
715 1786 803 1844 erant
824 1783 994 1866 progressi,
1021 1784 1138 1847 reverti
1161 1803 1273 1868 coepe·

215 1890 299 1969 rant,
322 1890 353 1950 et
374 1885 413 1949 ab
436 1886 490 1969 iis,
514 1886 571 1968 qui
593 1894 765 1967 cesserant,
789 1890 821 1950 et
843 1885 881 1949 ab
905 1887 957 1969 iis,
982 1888 1038 1970 qui
1054 1889 1194 1972 proximi
1209 1896 1270 1954 ste-

189 2020 202 2059 r
216 1995 330 2074 terant,
353 1990 695 2071 circumveniebantm3
712 1991 763 2054 sin
778 1998 885 2055 autem
898 1993 1006 2056 locum
1021 1997 1129 2059 tenere
1144 1995 1270 2078 vellent,

215 2116 274 2162 neo
296 2097 407 2161 virtuti
427 2096 518 2161 locus
532 2096 773 2179 relinquebatur
787 2116 891 2179 neque
907 2098 946 2162 ab
961 2104 1049 2163 tanta
1063 2101 1271 2166 multitudine

187 2204 356 2270 soonieota
381 2203 444 2267 tela
465 2203 597 2267 conferti
624 2205 723 2267 vitare
749 2209 900 2288 poterant
948 2209 1055 2269 tamen
1081 2210 1127 2269 tot
1148 2207 1269 2270 incom·
1349 2205 1351 2210 '

213 2309 316 2372 modis
338 2308 509 2373 conflictati
531 2309 639 2372 multis
662 2309 848 2374 vulneribus
871 2311 1005 2394 acceptis
1027 2309 1215 2375 resistebant
1237 2314 1271 2374 et

213 2433 329 2498 magna
348 2421 436 2499 parte
459 2414 523 2478 diei
547 2422 743 2498 consumpta,
767 2433 840 2478 oum
863 2417 998 2498 aprima
1011 2415 1083 2480 luce
1104 2416 1143 2479 ad
1158 2416 1269 2479 horam

214 2524 357 2583 octavam
387 2525 594 2603 pugnaretur,
626 2519 720 2601 nihil,
751 2520 836 2602 quod
867 2520 945 2604 ipsis
977 2524 1060 2585 osset
1088 2520 1272 2605 indignum,

186 2625 458 2693 ocommittcbant
492 2631 559 2690 tum
581 2625 613 2689 Τ.
632 2625 812 2707 Balventio‚
835 2627 891 2707 qui
913 2626 1075 2709 superiore
1098 2646 1181 2692 anno
1204 2629 1268 2712 pri·

212 2749 302 2793 mum
333 2729 433 2814 pilum
466 2731 613 2814 duxerat,
644 2732 714 2794 viro
740 2731 814 2794 forti
845 2734 877 2793 et
902 2750 1036 2815 magnae
1064 2735 1272 2818 auctoritatis,

187 2840 385 2917 qutrnmqne
408 2835 511 2900 femur
533 2835 656 2919 tragula
678 2836 835 2916 traicitur3
865 2833 1096 2922 QLucanins,
1124 2840 1268 2905 eiusdem

214 2942 345 3025 ordinis,
372 2940 541 3006 fortissime
567 2961 726 3025 pugnans,
753 2941 830 3004 dum
857 2941 1072 3008 circumvento
1099 2943 1165 3010 filio
1194 2947 1272 3012 sub-

186 3049 312 3130 evenit,
328 3046 527 3129 interficitur3
549 3046 584 3112 L
601 3045 691 3110 Cotta
704 3047 826 3131 legatus
842 3067 952 3113 omnes
968 3050 1111 3115 cohortes
1127 3053 1271 3118 ordines·

159 3173 195 3228 aa
214 3172 276 3236 que
292 3155 461 3218 adhortans
475 3154 510 3216 in
524 3154 692 3217 adversum
708 3172 742 3216 os
756 3154 855 3218 funda
868 3154 1064 3220 vulneratur.
1095 3156 1158 3222 His
1172 3159 1272 3224 rebus

212 3265 374 3342 permotus
397 3258 432 3335 Q.
454 3260 606 3343 Titurius,
633 3276 707 3322 oum
733 3260 843 3343 procul
868 3261 1088 3346 Ambiorigem
1114 3283 1189 3330 suos
1216 3285 1272 3330 oo·

212 3364 390 3429 hortantem
412 3366 642 3449 conspexisset,
665 3365 868 3448 interpretem
890 3387 984 3432 suum
1007 3366 1064 3433 On.
1079 3368 1268 3455 Pompeium

187 3471 253 3539 aad
276 3489 349 3535 eum
372 3470 468 3534 mittit
489 3476 648 3556 rogatum,
670 3474 708 3534 ut
729 3471 792 3535 sibi
814 3473 1030 3557 militibusque
1052 3481 1167 3559 parcat
1212 3478 1272 3541 ille

213 3577 386 3660 appellatus
408 3578 590 3661 respondet:
615 3577 643 3640 si
659 3575 738 3639 velit
752 3596 860 3640 secum
876 3581 1039 3664 conloqui,
1061 3581 1172 3664 licere;
1197 3601 1269 3666 spe·

212 3701 281 3747 raro
301 3683 541 3746 amultitudine
559 3682 722 3764 impetrari
743 3701 849 3766 posse,
865 3684 951 3765 quod
965 3686 1005 3749 ad
1026 3687 1164 3751 militum
1183 3687 1269 3750 salu·

213 3790 277 3850 tem
298 3788 467 3871 pertineat;
490 3788 550 3871 ipsi
572 3806 647 3850 vero
670 3788 751 3851 nihil
766 3789 908 3852 nocitum
922 3789 978 3872 iri,
999 3791 1096 3874 inque
1112 3811 1183 3856 eam
1197 3811 1270 3857 rern

186 3920 200 3961 a
213 3910 247 3957 se
270 3911 361 3956 suam
382 3892 478 3957 fidem
492 3894 698 3976 interponere.
735 3894 791 3959 ille
809 3914 883 3959 oum
899 3893 990 3960 Cotta
1004 3898 1109 3962 saucio
1125 3918 1272 3964 eommu-
