2738 4424
184 230 225 295 38
577 243 683 300 BELLI
701 243 842 298 cruucl

182 405 324 469 nondum
346 411 561 490 perspexerat,
583 407 757 471 exercitum
772 405 1012 488 equitatumque
1031 403 1141 468 castris
1163 420 1239 466 con·

156 512 285 578 atinuit
329 513 431 596 prima
451 513 523 577 luce
538 510 724 576 confirmata
737 529 772 575 re
787 510 826 575 ab
843 511 1095 595 exploratoribus
1110 526 1239 574 omnem

184 619 371 701 equitatum,
408 620 464 701 qni
494 619 702 683 novissimum
738 636 851 702 agmen
883 622 1071 700 moraretur,
1103 615 1238 699 praemi-

183 724 231 788 sit.
275 725 327 788 his
354 722 389 801 Q.
411 724 546 788 Pedium
574 729 605 787 ct
630 722 664 786 L
691 723 946 788 Aurunculeium
975 721 1097 787 Cottam
1117 721 1238 805 legatos

184 831 344 911 praefecit3
375 830 407 894 Τ.
434 828 610 894 Labienum
645 828 785 912 legatum
816 848 890 893 cum
926 828 1104 912 legionibus
1136 827 1238 892 tribus

156 936 335 1019 ‹subsequi
371 937 471 1000 iussit.
516 936 551 999 hi
586 936 775 999 novissimos
813 934 915 998 adorti
951 939 984 1000 et
1018 934 1119 998 multa
1150 933 1239 996 milia

183 1062 334 1124 passuum
359 1042 518 1126 prosecuti
544 1060 691 1125 magnam
718 1039 955 1105 multitudinem
982 1059 1093 1105 eorum
1114 1041 1238 1122 fugien-

183 1149 261 1212 tium
285 1148 504 1230 conciderunt,
526 1167 600 1212 cum
623 1146 661 1210 ab
686 1150 827 1211 extremo
850 1147 989 1230 agmine,
1012 1145 1051 1209 ad
1068 1165 1148 1229 quos
1162 1163 1238 1209 ren·

182 1260 251 1318 tum
265 1260 344 1338 erat,
367 1255 574 1318 consisterent
587 1253 772 1335 fortiterque
791 1253 944 1336 impetum
960 1258 1140 1316 nostrorum
1154 1251 1238 1315 mili-

155 1382 169 1425 s
184 1375 251 1423 tum
265 1361 470 1443 sustinerent,
485 1360 618 1443 priores,
638 1359 724 1442 quod
739 1358 848 1423 abesse
864 1377 883 1421 a
896 1358 1037 1442 periculo
1053 1358 1238 1423 viderentur

184 1484 287 1549 neque
308 1466 375 1529 ulla
400 1466 586 1530 necessitate
614 1483 718 1545 neque
745 1465 878 1547 imperio
901 1465 1154 1546 continerentur,
1182 1482 1237 1527 ex·

183 1571 289 1635 audito
317 1571 453 1636 clamore
479 1569 670 1654 perturbatis
698 1568 863 1634 ordinibus
890 1589 999 1634 omnes
1021 1570 1057 1633 in
1078 1570 1153 1653 fuga
1175 1569 1237 1634 sibi

154 1677 372 1760 apraesidium
393 1683 555 1761 ponerent
592 1677 638 1740 ita
659 1677 728 1739 sine
744 1675 809 1739 ullo
824 1675 964 1759 periculo
987 1680 1106 1740 tantam
1126 1694 1236 1739 eorum

179 1784 417 1848 multitudinem
438 1783 539 1847 nostri
560 1781 797 1863 interfecerunt,
821 1787 973 1862 quantum
997 1783 1058 1845 fuit
1080 1780 1143 1845 diei
1166 1801 1236 1864 spa·

180 1892 274 1971 tium,
298 1889 357 1955 sub
381 1908 527 1954 occasum
549 1888 625 1954 solis
647 1889 738 1971 sequi
754 1887 942 1953 destiterunt
957 1906 1054 1970 seque
1076 1889 1110 1951 in
1126 1893 1236 1974 castra,

181 2003 216 2063 ut
238 2001 305 2062 erat
325 1997 526 2080 imperatum,
548 2000 743 2079 receperunt

126 2115 161 2171 12
267 2102 424 2167 Postridie
439 2103 507 2166 eius
523 2101 587 2166 diei
598 2099 725 2184 Caesar,
740 2101 925 2185 priusquam
947 2118 982 2164 se
996 2099 1102 2164 hostes
1117 2118 1159 2163 ex
1173 2104 1235 2164 ter-

179 2229 250 2274 rore
273 2229 309 2274 ao
331 2209 407 2294 fuga
428 2210 617 2292 reciperent,
638 2208 674 2270 in
688 2205 768 2272 fines
783 2205 1002 2287 Suessionum,
1027 2207 1081 2287 qui
1096 2207 1235 2290 proximi

179 2315 288 2380 Remis
310 2320 411 2398 orant,
435 2315 611 2380 exercitum
634 2313 727 2376 duxit
749 2318 781 2377 et
802 2330 915 2395 magno
938 2312 1051 2376 itinere
1067 2309 1233 2397 [conlecto]

151 2420 217 2483 rod
240 2421 392 2505 oppidum
414 2419 641 2485 Noviodunum
660 2418 830 2482 contendit.
876 2416 909 2480 id
933 2436 976 2482 ex
998 2418 1110 2482 itinere
1134 2436 1235 2501 oppu-

177 2544 275 2608 gnare
290 2531 434 2608 conatus,
450 2525 535 2609 quod
549 2543 687 2589 vacuum
702 2524 740 2587 ab
757 2523 975 2589 defensoribus
991 2542 1059 2588 esse
1075 2523 1233 2608 audiebat,

176 2636 304 2715 propter
325 2631 526 2695 latitudinem
546 2630 648 2695 fossae
664 2632 811 2713 murique
831 2629 1031 2695 altitudinem
1053 2631 1162 2712 paucis
1178 2629 1232 2694 de·

151 2736 379 2802 alendentibus
401 2755 583 2819 expugnare
601 2754 667 2800 non
682 2738 792 2820 potuit
838 2737 946 2799 castris
968 2736 1101 2799 munitis
1124 2735 1233 2801 vineas

179 2861 283 2927 agere,
311 2861 456 2925 quaeque
484 2843 524 2906 ad
547 2841 795 2926 oppugnandum
817 2842 891 2905 usui
920 2846 1021 2925 erant,
1050 2859 1233 2925 comparare

151 2949 290 3033 recepit
334 2949 462 3014 interim
485 2949 588 3013 omnis
611 2967 653 3012 ex
677 2948 754 3032 fuga
776 2946 981 3012 Suessionum
1005 2947 1174 3012 multitudo
1197 2948 1233 3012 in

152 3056 330 3141 roppidum
352 3056 499 3140 proxima
520 3060 611 3119 noete
634 3055 790 3118 convenit
835 3053 978 3117 celeriter
999 3054 1099 3118 vineis
1121 3053 1161 3117 ad
1178 3072 1232 3137 op·

178 3164 289 3248 pidum
312 3163 402 3243 actis,
430 3180 542 3246 aggere
568 3161 651 3224 iacto
675 3159 880 3243 turribusque
908 3159 1088 3223 constitutis
1110 3161 1233 3243 magni·

179 3269 291 3334 tudine
323 3287 467 3352 operum,
499 3287 581 3350 quae
612 3285 716 3350 nequc
746 3266 892 3331 viderant
923 3269 995 3328 ante
1019 3263 1101 3328 Galli
1128 3283 1233 3348 neque

179 3375 358 3456 audierant,
390 3379 421 3438 et
451 3373 611 3438 celeritate
636 3373 853 3437 Romanorum
883 3372 1018 3455 permoti
1045 3371 1164 3454 legatos
1192 3371 1232 3434 ad

181 3480 345 3546 (laesarum
375 3480 414 3545 de
442 3480 602 3544 deditione
628 3480 759 3543 mittunt
785 3483 817 3542 et
842 3477 1022 3562 petentibus
1048 3476 1169 3559 Remis,
1198 3483 1234 3541 ut

127 3600 163 3655 13
181 3591 454 3670 conservarentur,
476 3587 651 3669 impetrant
696 3584 811 3649 (laesar
833 3583 996 3647 obsidibus
1015 3582 1149 3666 acceptis
1170 3583 1235 3666 pri-

182 3691 242 3754 mis
264 3691 401 3755 civitatis
423 3696 517 3775 atque
538 3692 639 3775 ipsius
655 3690 771 3755 Galbae
786 3691 869 3773 regis
885 3688 1010 3752 duobus
1029 3686 1104 3751 filiis
1124 3688 1234 3752 armis-

183 3814 245 3879 que
267 3795 415 3860 omnibus
438 3815 479 3860 ex
502 3796 615 3881 oppido
638 3797 761 3860 traditis
783 3797 816 3857 in
840 3794 1030 3859 deditionem
1050 3791 1236 3857 Suessiones

155 3901 296 3986 rescipit
326 3903 564 3984 exercitumque
595 3903 630 3966 in
652 3901 837 3966 Bellovacos
869 3900 963 3963 ducit
1010 3899 1066 3982 qui
1096 3917 1170 3962 cum
1201 3915 1237 3963 se
