2738 4424
457 281 564 338 LIBER
580 283 628 338 Vl.
647 282 723 338 OAP.
742 282 864 339 40-44.
1124 267 1187 332 131

135 444 307 511 avertisset
353 463 488 527 quarum
511 444 655 509 omnium
676 462 783 510 rerum
806 445 945 508 maxime
969 445 1216 513 admirandumc

135 551 312 634 videbatur,
335 550 421 633 quod
444 550 607 632 Germani,
630 549 687 632 qui
711 567 748 614 eo
764 550 897 614 consilio
918 549 1066 616 Rhenum
1088 555 1189 616 trans·

135 658 249 740 ierant,
284 661 321 720 ut
354 655 549 740 Ambiorigis
583 654 664 721 fines
700 655 981 740 depopularentur,
1017 655 1057 720 ad
1088 660 1189 722 castra

133 762 350 828 Romanorum
387 762 482 826 delati
517 761 749 846 optatissimum
785 761 965 847 Ambiorigi
1001 760 1189 826 beneficium

135 870 322 935 obtulerant

223 974 338 1041 Caesar
363 992 476 1038 rursus
503 973 543 1037 ad
565 974 730 1038 vexandos
756 973 861 1040 hostes
887 973 1047 1056 profectus
1073 992 1188 1058 magno
1206 988 1243 1047 13

135 1082 279 1164 equitum
302 1083 409 1144 coacto
433 1097 564 1143 numero
588 1097 630 1144 ex
651 1077 798 1143 finitimis
820 1078 1000 1143 civitatibus
1022 1079 1056 1142 in
1080 1097 1189 1144 omnes

135 1192 237 1272 partes
265 1186 400 1250 dimittit
451 1203 560 1249 omnes
586 1185 650 1248 vici
676 1189 772 1268 etque
795 1185 900 1250 omnia
927 1184 1080 1269 aedificia,
1109 1203 1216 1267 quaer

135 1294 273 1376 quisque
295 1295 515 1375 conspexerat,
541 1289 803 1372 incendebantur,
830 1291 947 1375 praeda
973 1310 1015 1356 ex
1041 1290 1189 1355 omnibus

133 1390 212 1463 locis
235 1398 399 1483 agebatur3
427 1396 587 1461 frumenta
608 1415 674 1461 non
698 1395 802 1460 solum
829 1418 848 1462 a
873 1400 961 1460 tanta
987 1397 1216 1466 multitudines

134 1505 352 1570 iumentorum
383 1507 478 1585 atque
509 1502 674 1566 hominum
701 1502 979 1587 consumebantur,
1011 1503 1067 1567 sed
1094 1503 1189 1569 etiam

134 1613 211 1676 anni
243 1616 383 1695 tempore
414 1613 509 1691 atque
535 1607 690 1672 imbribus
721 1607 966 1693 procubuerant,
998 1613 1046 1694 ut,
1078 1609 1107 1674 si
1134 1609 1189 1693 qui

134 1718 230 1782 etiam
261 1715 496 1799 inpraesentia
526 1732 560 1779 se
588 1715 809 1798 occultassent,
841 1719 946 1779 tamen
976 1715 1028 1780 bis
1055 1715 1189 1781 deducto

134 1824 278 1888 exercitu
299 1839 406 1885 rerum
431 1821 573 1885 omnium
595 1821 703 1904 inopia
724 1821 923 1905 pereundum
946 1821 1116 1885 rideretur.
1152 1824 1216 1890 aot

133 1947 226 2013 saepe
254 1929 290 1992 in
312 1947 387 1993 eum
408 1926 515 1993 locum
540 1931 672 1991 ventum
699 1932 747 1991 est
773 1930 859 1991 tanto
887 1927 923 1991 in
949 1946 1058 1991 omnes
1084 1931 1189 2010 partes

133 2034 263 2098 dimisso
291 2032 446 2117 equitatu,
474 2037 509 2095 ut
534 2032 628 2096 modo
652 2033 758 2097 risum
789 2031 828 2096 ab
853 2051 887 2098 se
910 2032 1128 2116 Ambiorigem
1154 2033 1190 2096 in

132 2140 208 2225 iuga
235 2139 512 2223 circumspicerent
538 2137 655 2222 captivi
683 2156 742 2202 nec
769 2138 863 2222 plane
890 2139 985 2203 etiam
1013 2138 1116 2204 abisse
1147 2157 1189 2205 ex

134 2252 306 2330 conspectu
329 2244 569 2327 contenderent,
596 2249 632 2308 ut
653 2262 708 2328 spe
732 2245 948 2326 consequendi
969 2244 1068 2309 inlata
1094 2249 1216 2328 atques'

133 2351 261 2417 infinito
283 2351 392 2416 labore
415 2355 573 2434 suscepto,
597 2350 653 2433 qui
675 2368 709 2414 ss
732 2369 888 2414 summam
915 2369 934 2414 a
961 2347 1092 2416 Caesare
1119 2369 1189 2434 gra·

132 2459 209 2523 tiam
240 2458 376 2522 inituros
407 2458 566 2541 putarent,
596 2474 696 2540 paene
723 2461 869 2520 naturam
895 2456 1000 2521 studio
1026 2456 1190 2521 vincerent

133 2583 321 2649 semperque
343 2562 474 2646 paulum
497 2561 538 2625 ad
560 2580 717 2626 summam
738 2561 920 2627 felicitatem
943 2562 1079 2627 defuisse
1101 2562 1189 2627 vide·

132 2675 233 2753 retur,
257 2675 352 2751 atque
374 2667 429 2733 ille
451 2667 580 2733 latebris
602 2672 658 2732 aut
679 2667 811 2732 saltibus
834 2686 868 2732 se
884 2669 1019 2752 eriperet
1039 2674 1071 2734 et
1091 2672 1216 2737 nootue

135 2775 309 2841 occultatus
341 2774 419 2838 alias
450 2775 597 2858 regiones
630 2779 798 2858 partesque
829 2778 950 2858 peteret
980 2793 1047 2839 non
1072 2776 1190 2840 maiore

134 2883 277 2963 equitum
304 2881 460 2964 praesidio
489 2899 585 2964 quam
611 2879 691 2963 IIII,
724 2879 841 2963 quibus
868 2881 944 2946 solis
975 2880 1073 2945 vitam
1100 2900 1191 2945 suam

134 2986 332 3052 committere
355 2985 498 3051 audebat

222 3091 290 3154 'lali
311 3091 406 3155 modo
429 3092 558 3155 vastatis
580 3091 764 3174 regionibus
787 3093 963 3156 exercitum
978 3090 1092 3156 Caesar
1114 3091 1190 3155 dua·
1207 3109 1244 3165 44

134 3217 207 3261 rum
234 3197 411 3261 cohortium
438 3196 553 3261 damno
580 3195 829 3261 Durocortorum
855 3196 1027 3262 Remorum
1057 3197 1192 3281 deducit,

136 3302 336 3384 concilioque
358 3302 393 3365 in
416 3320 491 3366 eum
512 3301 619 3366 locum
642 3301 762 3367 Galliae
777 3303 896 3367 indicto
921 3303 960 3367 de
974 3302 1191 3369 coniuratione

137 3409 299 3476 Senonum
322 3414 354 3473 et
377 3405 550 3472 Camutum
570 3408 786 3491 quaestionem
801 3407 916 3474 habere
938 3409 1077 3473 instituit
1099 3414 1130 3474 et
1152 3410 1218 3478 dea

137 3516 277 3596 Accone,
304 3514 361 3598 qui
387 3513 533 3598 princeps
560 3514 630 3578 eius
657 3513 782 3577 consilii
807 3514 921 3596 fuerat,
947 3514 1093 3599 graviore
1120 3532 1191 3580 sen·

138 3621 236 3686 tentia
250 3618 455 3704 pronuntiata
468 3637 557 3683 more
571 3619 727 3683 maiorum
742 3620 933 3703 supplicium
947 3621 1088 3705 sumpsit
1125 3640 1219 3690 nona

138 3727 219 3792 nulli
240 3724 398 3791 iudicium
419 3724 512 3789 veriti
533 3724 747 3808 profugerimt
794 3725 911 3809 quibus
938 3745 1010 3790 cum
1038 3746 1121 3810 aqua
1147 3734 1192 3792 at-

139 3852 201 3918 que
222 3833 291 3917 igni
312 3831 541 3914 interdixisset,
565 3831 643 3895 duas
664 3831 806 3915 legiones
829 3831 869 3895 ad
883 3831 963 3899 fines
977 3833 1192 3917 Treverorum,

139 3940 217 4004 duas
247 3939 283 4002 in
313 3936 524 4022 Lingonibus,
557 3955 614 4001 sex
644 3936 784 4020 reliquas
817 3938 852 4003 in
883 3936 1046 4003 Senonum
1075 3939 1193 4004 finibus

1000 4060 1035 4116 9*
