2738 4424
210 223 272 287 148
603 237 708 294 sum
725 237 865 294 GALLIOE

182 400 347 473 amaxime
368 401 545 466 necessario
561 403 701 484 tempore
716 401 836 465 civitati
850 399 1030 465 subveniat:
1054 416 1178 465 summo
1195 413 1267 463 esse

208 507 243 570 iu
264 506 405 590 periculo
420 525 500 591 rem,
524 506 622 590 quod,
645 527 719 571 cum
734 506 852 591 singuli
867 507 1069 591 magistratus
1084 502 1266 587 antiquitus

208 612 306 678 creari
330 616 424 694 atque
447 612 566 696 regiam
592 616 778 696 potestatem
801 631 920 676 annum
943 610 1086 677 obtinere
1114 627 1266 675 consues-

208 723 291 802 sent,
314 717 377 782 duo
400 719 617 802 magistratum
634 723 747 803 gerant
769 722 849 783 etse
866 722 999 801 uterque
1014 736 1126 783 eorum
1139 714 1267 800 legibus

182 828 349 899 roreatum
372 825 462 888 dicat
506 823 620 889 horum
643 843 710 890 esse
734 824 869 889 alterum
890 822 1185 906 Conuictolitauem,
1208 819 1267 885 llo-

208 934 330 996 rentem
353 934 386 994 et
407 930 572 995 inlustrem
595 930 841 1013 adulescentem,
869 929 1004 994 alterum
1027 929 1156 1011 Ootum,
1184 927 1267 991 anti·

210 1037 362 1119 quissima
393 1036 512 1099 familia
541 1040 653 1099 natum
680 1039 775 1119 atque
803 1036 907 1120 ipsum
934 1035 1095 1100 hominem
1122 1052 1267 1099 summae

207 1143 365 1226 potentiae
394 1147 424 1207 et
451 1160 584 1226 magnae
611 1142 819 1226 cognationis,
846 1143 937 1206 cuius
964 1141 1060 1206 frater
1082 1140 1267 1206 Valetiacus

181 1249 353 1332 aproximo
386 1267 468 1311 anno
501 1249 638 1314 eundem
669 1249 886 1332 magistratum
917 1248 1056 1332 gesserit
1103 1246 1267 1311 civitatem

209 1372 278 1419 esse
294 1373 420 1418 omnem
434 1355 470 1418 in
485 1355 593 1438 armis,
617 1354 754 1419 divisum
769 1358 928 1437 serratim,
948 1353 1088 1418 divisum
1101 1351 1265 1437 populum,

209 1478 282 1523 suas
309 1460 463 1541 cuiusque
491 1478 600 1524 eorum
628 1459 797 1524 clientelas.
848 1459 988 1543 quodsi
1016 1458 1135 1523 diutius
1162 1457 1267 1521 alatur

209 1566 435 1648 controversia,
457 1565 535 1645 fore,
562 1566 610 1629 uti
632 1585 704 1648 pars
728 1585 801 1630 cum
827 1570 915 1649 parte
943 1565 1080 1630 civitatis
1108 1562 1265 1648 confligat

207 1670 241 1734 id
263 1689 304 1736 ne
327 1670 460 1755 accidat,
482 1672 620 1754 positum
643 1671 677 1735 in
693 1672 761 1736 eius
777 1671 941 1756 diligentia
961 1676 1056 1755 atque
1071 1670 1265 1734 auctoritate.

155 1787 191 1845 88
210 1774 336 1861 Caesar,
359 1777 418 1842 etsi
441 1797 460 1840 a
481 1776 564 1841 bello
588 1781 682 1861 atque
705 1778 795 1842 hoste
819 1777 979 1842 discedere
1003 1776 1266 1843 detrimentosum

209 1901 277 1949 esse
300 1883 514 1968 existimabat,
538 1888 644 1949 tamen
666 1903 731 1948 non
753 1885 915 1969 ignorans,
939 1888 1058 1966 quanta
1080 1903 1122 1949 ex
1144 1883 1266 1948 diesem

208 1989 353 2054 sionibus
380 1990 579 2054 inoommoda
605 1990 681 2055 oriri
708 1993 927 2074 consuessent,
958 2009 999 2054 ne
1027 1992 1173 2054 tantast
1200 1992 1266 2053 tam

209 2096 379 2161 coniuncta
400 2096 517 2180 populo
533 2095 676 2160 Romano
692 2095 814 2180 civitas,
838 2115 934 2179 quam
948 2097 1015 2180 ipse
1030 2114 1154 2180 semper
1169 2094 1267 2160 aluis·

208 2206 257 2268 set
271 2201 481 2285 omnibusque
495 2201 591 2268 rebus
607 2206 761 2286 ornasset,
784 2201 825 2265 ad
840 2202 906 2265 vim
920 2205 1014 2286 atque
1031 2221 1119 2265 arma
1134 2201 1266 2266 descen·

209 2307 298 2373 deret
320 2311 413 2391 atque
437 2326 474 2372 ea
496 2327 580 2392 pars,
608 2326 689 2391 quae
710 2309 817 2372 minus
844 2308 905 2372 sibi
932 2307 1116 2392 confideret,
1144 2307 1266 2372 auxilia

209 2433 227 2478 a
242 2414 502 2497 Vercingetorige
518 2418 700 2499 arcesseret,
724 2415 798 2478 huic
812 2415 860 2479 rei
874 2414 1139 2498 praevertendum
1155 2413 1266 2479 existi-

182 2521 308 2592 amavit
330 2525 373 2603 et,
398 2520 482 2601 quod
500 2518 623 2602 legibus
638 2519 846 2585 Haeduorum
869 2521 922 2602 iis,
946 2522 1002 2604 qui
1016 2539 1177 2585 summum
1198 2537 1266 2582 ma·

208 2625 375 2707 gistratum
398 2624 590 2709 obtinerent,
614 2627 767 2690 excedere
791 2645 833 2691 ex
850 2625 968 2690 finibus
989 2645 1056 2690 non
1079 2626 1200 2708 liceret,
1222 2644 1265 2690 ne

210 2730 288 2812 quid
312 2729 349 2793 de
372 2731 440 2794 iure
465 2736 519 2794 aut
541 2733 580 2797 de
602 2731 727 2816 legibus
751 2751 860 2796 eorum
884 2732 1076 2796 deminuisse
1094 2731 1265 2816 videretur,

209 2837 276 2917 ipse
299 2836 333 2900 in
355 2835 506 2902 Haeduos
528 2836 686 2921 proficisci
712 2838 822 2901 statuit
844 2840 1052 2921 senatumque
1080 2855 1207 2902 omnem
1234 2842 1266 2903 et

211 2962 290 3027 quos
314 2944 397 3007 inter
423 2944 637 3006 controversia
669 2949 752 3008 esset
784 2944 824 3007 ad
856 2962 890 3008 se
917 2941 1079 3009 Decetiam
1111 2943 1264 3008 evocavit

184 3069 284 3120 acum
320 3068 416 3134 prope
448 3050 550 3114 omnis
584 3050 695 3113 civitas
731 3068 768 3115 eo
804 3051 1003 3115 convenisset
1037 3050 1266 3133 docereturque

210 3156 320 3239 paucis
339 3155 420 3219 olam
434 3156 615 3220 convocatis
638 3156 701 3220 alio
716 3156 798 3240 loco,
822 3155 882 3220 alio
899 3159 1050 3239 tempore,
1065 3161 1160 3240 atque
1175 3175 1266 3239 opor·

211 3261 317 3345 tuerit,
332 3260 460 3326 matrem
476 3281 493 3324 a
506 3262 601 3328 fratre
616 3263 844 3344 renuntiatum,
867 3281 940 3327 oum
954 3261 1041 3344 leges
1057 3263 1121 3326 duo
1144 3281 1185 3327 ex
1200 3280 1266 3326 una

211 3366 331 3430 familia
352 3367 424 3431 vivo
453 3372 587 3452 utroque
610 3387 676 3432 non
698 3369 803 3432 solum
825 3369 1025 3452 magistratus
1053 3367 1153 3433 creari
1179 3371 1266 3432 veta·

210 3477 294 3556 rent,
317 3473 491 3538 sedetiam
513 3474 550 3538 in
571 3478 683 3539 senatu
706 3493 774 3539 esse
796 3473 1008 3558 prohiberent,
1032 3472 1145 3538 Cotum
1168 3473 1266 3556 impe-

181 3602 199 3647 t
211 3579 295 3642 rium
318 3578 475 3677 deponere
495 3581 608 3664 coegit,
632 3578 924 3663 Convictolitavem,
948 3579 1004 3661 qui
1017 3597 1075 3662 per
1089 3579 1266 3643 sacerdotes

212 3702 299 3759 more
322 3685 457 3749 civitatis
480 3685 666 3750 intermissis
688 3685 923 3769 magistratibus
947 3686 1028 3748 esset
1050 3689 1187 3768 creatus,
1211 3670 1267 3769 po·

213 3791 358 3855 testatem
380 3790 522 3856 obtinere
545 3789 646 3854 iussit
