<?xml version="1.0" encoding="UTF-8"?>
<!DOCTYPE html PUBLIC "-//W3C//DTD XHTML 1.0 Transitional//EN"
    "http://www.w3.org/TR/xhtml1/DTD/xhtml1-transitional.dtd">
<html xmlns="http://www.w3.org/1999/xhtml" xml:lang="en" lang="en">
 <head>
  <title>
</title>
<meta http-equiv="Content-Type" content="text/html;charset=utf-8" />
  <meta name='ocr-system' content='tesseract 3.04.00' />
  <meta name='ocr-capabilities' content='ocr_page ocr_carea ocr_par ocr_line ocrx_word'/>
</head>
<body>
  <div class='ocr_page' id='page_1' title='image "./ciuliicaesarisb02meusgoog_0090.png"; bbox 0 0 2738 4424; ppageno 0'>
   <div class='ocr_carea' id='block_1_1' title="bbox 180 239 839 313">
    <p class='ocr_par' dir='ltr' id='par_1_1' title="bbox 180 239 839 313">
     <span class='ocr_line' id='line_1_1' title="bbox 180 239 839 313; baseline 0.002 -1"><span class='ocrx_word' id='word_1_1' title='bbox 180 239 223 303; x_wconf 77' lang='grc'><strong>74</strong></span> <span class='ocrx_word' id='word_1_2' title='bbox 575 256 839 313; x_wconf 83' lang='lat' dir='ltr'><strong>ammommor</strong></span> 
     </span>
    </p>
   </div>
   <div class='ocr_carea' id='block_1_2' title="bbox 118 416 1238 3997">
    <p class='ocr_par' dir='ltr' id='par_1_2' title="bbox 118 416 1238 3997">
     <span class='ocr_line' id='line_1_2' title="bbox 179 416 1238 504; baseline -0.002 -22"><span class='ocrx_word' id='word_1_3' title='bbox 179 416 357 499; x_wconf 87' lang='lat' dir='ltr'><strong>relinquere</strong></span> <span class='ocrx_word' id='word_1_4' title='bbox 379 416 506 482; x_wconf 77' lang='lat' dir='ltr'><strong>volebat</strong></span> <span class='ocrx_word' id='word_1_5' title='bbox 523 436 629 501; x_wconf 89' lang='lat' dir='ltr'><strong>neque</strong></span> <span class='ocrx_word' id='word_1_6' title='bbox 642 418 718 483; x_wconf 91' lang='lat' dir='ltr'><strong>belli</strong></span> <span class='ocrx_word' id='word_1_7' title='bbox 732 419 864 502; x_wconf 88' lang='lat' dir='ltr'><strong>gerendi</strong></span> <span class='ocrx_word' id='word_1_8' title='bbox 878 423 1007 504; x_wconf 90' lang='lat' dir='ltr'><strong>propter</strong></span> <span class='ocrx_word' id='word_1_9' title='bbox 1021 417 1098 482; x_wconf 88' lang='lat' dir='ltr'><strong>anni</strong></span> <span class='ocrx_word' id='word_1_10' title='bbox 1112 420 1238 500; x_wconf 88' lang='lat' dir='ltr'><strong>tempus</strong></span> 
     </span>
     <span class='ocr_line' id='line_1_3' title="bbox 178 522 1238 607; baseline 0 -21"><span class='ocrx_word' id='word_1_11' title='bbox 178 522 359 586; x_wconf 75' lang='lat' dir='ltr'>facultatem</span> <span class='ocrx_word' id='word_1_12' title='bbox 380 523 516 589; x_wconf 88' lang='lat' dir='ltr'><strong>babebat</strong></span> <span class='ocrx_word' id='word_1_13' title='bbox 537 542 642 607; x_wconf 89' lang='lat' dir='ltr'><strong>nsque</strong></span> <span class='ocrx_word' id='word_1_14' title='bbox 668 524 725 589; x_wconf 87' lang='lat' dir='ltr'><strong>has</strong></span> <span class='ocrx_word' id='word_1_15' title='bbox 748 524 941 590; x_wconf 79' lang='lat' dir='ltr'><strong>tantularum</strong></span> <span class='ocrx_word' id='word_1_16' title='bbox 966 543 1076 590; x_wconf 91' lang='lat' dir='ltr'><strong>rerum</strong></span> <span class='ocrx_word' id='word_1_17' title='bbox 1103 541 1238 606; x_wconf 88' lang='lat' dir='ltr'><strong>occupa-</strong></span> 
     </span>
     <span class='ocr_line' id='line_1_4' title="bbox 180 627 1238 714; baseline 0 -22"><span class='ocrx_word' id='word_1_18' title='bbox 180 628 281 692; x_wconf 86' lang='lat' dir='ltr'><strong>tiones</strong></span> <span class='ocrx_word' id='word_1_19' title='bbox 312 627 496 693; x_wconf 74' lang='lat' dir='ltr'>Britanniae</span> <span class='ocrx_word' id='word_1_20' title='bbox 532 631 766 714; x_wconf 86' lang='lat' dir='ltr'><strong>anteponendas</strong></span> <span class='ocrx_word' id='word_1_21' title='bbox 802 630 973 713; x_wconf 82' lang='lat' dir='ltr'><strong>iudicabat,</strong></span> <span class='ocrx_word' id='word_1_22' title='bbox 1009 648 1162 713; x_wconf 88' lang='lat' dir='ltr'><strong>magnum</strong></span> <span class='ocrx_word' id='word_1_23' title='bbox 1197 628 1238 692; x_wconf 90' lang='lat' dir='ltr'><strong>iis</strong></span> 
     </span>
     <span class='ocr_line' id='line_1_5' title="bbox 151 733 1238 820; baseline -0.002 -21"><span class='ocrx_word' id='word_1_24' title='bbox 151 752 350 808; x_wconf 60' lang='lat' dir='ltr'><strong>enumerum</strong></span> <span class='ocrx_word' id='word_1_25' title='bbox 372 733 519 799; x_wconf 92' lang='lat' dir='ltr'><strong>obsidum</strong></span> <span class='ocrx_word' id='word_1_26' title='bbox 533 736 675 820; x_wconf 89' lang='lat' dir='ltr'><strong>imperat</strong></span> <span class='ocrx_word' id='word_1_27' title='bbox 716 737 833 819; x_wconf 91' lang='lat' dir='ltr'><strong>quibus</strong></span> <span class='ocrx_word' id='word_1_28' title='bbox 855 736 1000 800; x_wconf 80' lang='lat' dir='ltr'><strong>adductis</strong></span> <span class='ocrx_word' id='word_1_29' title='bbox 1015 754 1069 801; x_wconf 91' lang='lat' dir='ltr'><strong>eos</strong></span> <span class='ocrx_word' id='word_1_30' title='bbox 1091 733 1238 798; x_wconf 84' lang='lat' dir='ltr'><strong>infidam</strong></span> 
     </span>
     <span class='ocr_line' id='line_1_6' title="bbox 178 839 1238 925; baseline 0 -21"><span class='ocrx_word' id='word_1_31' title='bbox 178 841 298 924; x_wconf 88' lang='lat' dir='ltr'><strong>recipit</strong></span> <span class='ocrx_word' id='word_1_32' title='bbox 347 839 484 904; x_wconf 84' lang='lat' dir='ltr'><strong>navibus</strong></span> <span class='ocrx_word' id='word_1_33' title='bbox 511 841 638 906; x_wconf 89' lang='lat' dir='ltr'><strong>circiter</strong></span> <span class='ocrx_word' id='word_1_34' title='bbox 663 839 792 906; x_wconf 82' lang='lat' dir='ltr'>LXXX</span> <span class='ocrx_word' id='word_1_35' title='bbox 823 843 976 907; x_wconf 88' lang='lat' dir='ltr'><strong>onerariis</strong></span> <span class='ocrx_word' id='word_1_36' title='bbox 1003 841 1121 907; x_wconf 81' lang='lat' dir='ltr'><strong>coactis</strong></span> <span class='ocrx_word' id='word_1_37' title='bbox 1149 839 1238 925; x_wconf 94' lang='lat' dir='ltr'><strong>[con-</strong></span> 
     </span>
     <span class='ocr_line' id='line_1_7' title="bbox 179 945 1238 1032; baseline -0.002 -20"><span class='ocrx_word' id='word_1_38' title='bbox 179 945 375 1030; x_wconf 83' lang='lat' dir='ltr'><strong>tractisque],</strong></span> <span class='ocrx_word' id='word_1_39' title='bbox 398 952 475 1028; x_wconf 93' lang='lat' dir='ltr'><strong>quot</strong></span> <span class='ocrx_word' id='word_1_40' title='bbox 496 948 572 1012; x_wconf 87' lang='lat' dir='ltr'><strong>satis</strong></span> <span class='ocrx_word' id='word_1_41' title='bbox 595 965 664 1012; x_wconf 86' lang='lat' dir='ltr'><strong>asse</strong></span> <span class='ocrx_word' id='word_1_42' title='bbox 687 948 728 1012; x_wconf 87' lang='lat' dir='ltr'><strong>ad</strong></span> <span class='ocrx_word' id='word_1_43' title='bbox 751 948 829 1013; x_wconf 87' lang='lat' dir='ltr'><strong>duas</strong></span> <span class='ocrx_word' id='word_1_44' title='bbox 856 946 1111 1032; x_wconf 78' lang='lat' dir='ltr'><strong>transportandas</strong></span> <span class='ocrx_word' id='word_1_45' title='bbox 1137 946 1238 1030; x_wconf 91' lang='lat' dir='ltr'><strong>legio·</strong></span> 
     </span>
     <span class='ocr_line' id='line_1_8' title="bbox 180 1051 1237 1138; baseline 0.001 -22"><span class='ocrx_word' id='word_1_46' title='bbox 180 1071 238 1118; x_wconf 90' lang='lat' dir='ltr'><strong>nes</strong></span> <span class='ocrx_word' id='word_1_47' title='bbox 260 1052 473 1135; x_wconf 87' lang='lat' dir='ltr'><strong>existimabat,</strong></span> <span class='ocrx_word' id='word_1_48' title='bbox 501 1053 588 1135; x_wconf 92' lang='lat' dir='ltr'><strong>quod</strong></span> <span class='ocrx_word' id='word_1_49' title='bbox 609 1059 771 1137; x_wconf 88' lang='lat' dir='ltr'><strong>praeterea</strong></span> <span class='ocrx_word' id='word_1_50' title='bbox 792 1055 925 1118; x_wconf 84' lang='lat' dir='ltr'><strong>navium</strong></span> <span class='ocrx_word' id='word_1_51' title='bbox 947 1054 1115 1138; x_wconf 91' lang='lat' dir='ltr'><strong>longarum</strong></span> <span class='ocrx_word' id='word_1_52' title='bbox 1140 1051 1237 1117; x_wconf 91' lang='lat' dir='ltr'><strong>habe·</strong></span> 
     </span>
     <span class='ocr_line' id='line_1_9' title="bbox 152 1157 1237 1244; baseline 0 -22"><span class='ocrx_word' id='word_1_53' title='bbox 152 1157 247 1241; x_wconf 56' lang='lat' dir='ltr'><strong>ebat,</strong></span> <span class='ocrx_word' id='word_1_54' title='bbox 270 1159 441 1243; x_wconf 71' lang='lat' dir='ltr'><strong>quaestori,</strong></span> <span class='ocrx_word' id='word_1_55' title='bbox 463 1158 576 1243; x_wconf 87' lang='lat' dir='ltr'><strong>legatis</strong></span> <span class='ocrx_word' id='word_1_56' title='bbox 598 1161 828 1244; x_wconf 74' lang='lat' dir='ltr'><strong>praefectisque</strong></span> <span class='ocrx_word' id='word_1_57' title='bbox 851 1160 1018 1225; x_wconf 88' lang='lat' dir='ltr'><strong>distribuit</strong></span> <span class='ocrx_word' id='word_1_58' title='bbox 1062 1159 1126 1222; x_wconf 93' lang='lat' dir='ltr'><strong>buc</strong></span> <span class='ocrx_word' id='word_1_59' title='bbox 1148 1175 1237 1223; x_wconf 91' lang='lat' dir='ltr'><strong>acoe-</strong></span> 
     </span>
     <span class='ocr_line' id='line_1_10' title="bbox 181 1263 1237 1349; baseline 0.001 -21"><span class='ocrx_word' id='word_1_60' title='bbox 181 1264 299 1329; x_wconf 88' lang='lat' dir='ltr'><strong>debant</strong></span> <span class='ocrx_word' id='word_1_61' title='bbox 318 1263 433 1328; x_wconf 84' lang='lat' dir='ltr'>XVIII</span> <span class='ocrx_word' id='word_1_62' title='bbox 451 1265 612 1330; x_wconf 88' lang='lat' dir='ltr'><strong>onerariae</strong></span> <span class='ocrx_word' id='word_1_63' title='bbox 627 1284 739 1349; x_wconf 86' lang='lat' dir='ltr'><strong>naves,</strong></span> <span class='ocrx_word' id='word_1_64' title='bbox 763 1284 844 1348; x_wconf 89' lang='lat' dir='ltr'><strong>quae</strong></span> <span class='ocrx_word' id='word_1_65' title='bbox 867 1285 909 1331; x_wconf 84' lang='lat' dir='ltr'><strong>ex</strong></span> <span class='ocrx_word' id='word_1_66' title='bbox 923 1285 961 1330; x_wconf 92' lang='lat' dir='ltr'><strong>eo</strong></span> <span class='ocrx_word' id='word_1_67' title='bbox 977 1265 1046 1330; x_wconf 92' lang='lat' dir='ltr'><strong>loco</strong></span> <span class='ocrx_word' id='word_1_68' title='bbox 1069 1284 1089 1329; x_wconf 89' lang='lat' dir='ltr'><strong>a</strong></span> <span class='ocrx_word' id='word_1_69' title='bbox 1105 1263 1237 1329; x_wconf 85' lang='lat' dir='ltr'><strong>milibus</strong></span> 
     </span>
     <span class='ocr_line' id='line_1_11' title="bbox 180 1369 1237 1456; baseline 0 -22"><span class='ocrx_word' id='word_1_70' title='bbox 180 1389 331 1455; x_wconf 87' lang='lat' dir='ltr'><strong>passuum</strong></span> <span class='ocrx_word' id='word_1_71' title='bbox 356 1369 438 1434; x_wconf 83' lang='lat' dir='ltr'><strong>vm</strong></span> <span class='ocrx_word' id='word_1_72' title='bbox 468 1376 563 1435; x_wconf 79' lang='lat' dir='ltr'><strong>vento</strong></span> <span class='ocrx_word' id='word_1_73' title='bbox 596 1371 797 1456; x_wconf 89' lang='lat' dir='ltr'><strong>tenebantur,</strong></span> <span class='ocrx_word' id='word_1_74' title='bbox 830 1373 1001 1456; x_wconf 89' lang='lat' dir='ltr'><strong>quominus</strong></span> <span class='ocrx_word' id='word_1_75' title='bbox 1032 1372 1067 1435; x_wconf 94' lang='lat' dir='ltr'><strong>in</strong></span> <span class='ocrx_word' id='word_1_76' title='bbox 1098 1369 1237 1436; x_wconf 89' lang='lat' dir='ltr'><strong>eundem</strong></span> 
     </span>
     <span class='ocr_line' id='line_1_12' title="bbox 118 1475 1237 1560; baseline 0 -21"><span class='ocrx_word' id='word_1_77' title='bbox 118 1542 120 1545; x_wconf 71' lang='grc'><em>,</em></span> <span class='ocrx_word' id='word_1_78' title='bbox 153 1480 307 1560; x_wconf 66' lang='grc' dir='ltr'>ιροῐωω</span> <span class='ocrx_word' id='word_1_79' title='bbox 329 1475 439 1539; x_wconf 77' lang='lat' dir='ltr'><strong>venite</strong></span> <span class='ocrx_word' id='word_1_80' title='bbox 457 1480 599 1560; x_wconf 91' lang='lat' dir='ltr'><strong>possent:</strong></span> <span class='ocrx_word' id='word_1_81' title='bbox 622 1477 679 1541; x_wconf 88' lang='lat' dir='ltr'><strong>has</strong></span> <span class='ocrx_word' id='word_1_82' title='bbox 696 1477 856 1560; x_wconf 91' lang='lat' dir='ltr'><strong>equitibus</strong></span> <span class='ocrx_word' id='word_1_83' title='bbox 872 1477 1041 1543; x_wconf 87' lang='lat' dir='ltr'><strong>distribuit</strong></span> <span class='ocrx_word' id='word_1_84' title='bbox 1078 1477 1237 1559; x_wconf 92' lang='lat' dir='ltr'><strong>reliquum</strong></span> 
     </span>
     <span class='ocr_line' id='line_1_13' title="bbox 181 1579 1237 1666; baseline 0.001 -20"><span class='ocrx_word' id='word_1_85' title='bbox 181 1581 357 1646; x_wconf 83' lang='lat' dir='ltr'><strong>exercitum</strong></span> <span class='ocrx_word' id='word_1_86' title='bbox 383 1581 505 1645; x_wconf 80' lang='lat' dir='ltr'><strong>Titurio</strong></span> <span class='ocrx_word' id='word_1_87' title='bbox 532 1581 648 1647; x_wconf 84' lang='lat' dir='ltr'><strong>Sabino</strong></span> <span class='ocrx_word' id='word_1_88' title='bbox 680 1587 712 1647; x_wconf 90' lang='lat' dir='ltr'><strong>et</strong></span> <span class='ocrx_word' id='word_1_89' title='bbox 737 1582 958 1648; x_wconf 85' lang='lat' dir='ltr'><strong>Aurunculeio</strong></span> <span class='ocrx_word' id='word_1_90' title='bbox 986 1579 1094 1646; x_wconf 75' lang='lat' dir='ltr'><strong>Cottae</strong></span> <span class='ocrx_word' id='word_1_91' title='bbox 1125 1582 1237 1666; x_wconf 89' lang='lat' dir='ltr'><strong>legatis</strong></span> 
     </span>
     <span class='ocr_line' id='line_1_14' title="bbox 180 1685 1238 1773; baseline -0.001 -21"><span class='ocrx_word' id='word_1_92' title='bbox 180 1687 216 1752; x_wconf 91' lang='lat' dir='ltr'><strong>in</strong></span> <span class='ocrx_word' id='word_1_93' title='bbox 238 1685 402 1771; x_wconf 88' lang='lat' dir='ltr'><strong>Menapios</strong></span> <span class='ocrx_word' id='word_1_94' title='bbox 425 1692 520 1771; x_wconf 89' lang='lat' dir='ltr'><strong>atque</strong></span> <span class='ocrx_word' id='word_1_95' title='bbox 542 1689 579 1752; x_wconf 92' lang='lat' dir='ltr'><strong>in</strong></span> <span class='ocrx_word' id='word_1_96' title='bbox 601 1707 656 1754; x_wconf 88' lang='lat' dir='ltr'><strong>eos</strong></span> <span class='ocrx_word' id='word_1_97' title='bbox 670 1708 767 1773; x_wconf 87' lang='lat' dir='ltr'><strong>pagos</strong></span> <span class='ocrx_word' id='word_1_98' title='bbox 782 1688 992 1773; x_wconf 86' lang='lat' dir='ltr'><strong>Morinorum,</strong></span> <span class='ocrx_word' id='word_1_99' title='bbox 1015 1708 1035 1753; x_wconf 89' lang='lat' dir='ltr'><strong>a</strong></span> <span class='ocrx_word' id='word_1_100' title='bbox 1057 1687 1174 1772; x_wconf 92' lang='lat' dir='ltr'><strong>quibus</strong></span> <span class='ocrx_word' id='word_1_101' title='bbox 1196 1687 1238 1751; x_wconf 92' lang='lat' dir='ltr'><strong>ad</strong></span> 
     </span>
     <span class='ocr_line' id='line_1_15' title="bbox 155 1791 1238 1878; baseline -0.002 -20"><span class='ocrx_word' id='word_1_102' title='bbox 155 1811 263 1868; x_wconf 70' lang='lat' dir='ltr'><strong>acum·</strong></span> <span class='ocrx_word' id='word_1_103' title='bbox 287 1793 381 1876; x_wconf 83' lang='lat' dir='ltr'><strong>legati</strong></span> <span class='ocrx_word' id='word_1_104' title='bbox 412 1813 479 1858; x_wconf 92' lang='lat' dir='ltr'><strong>non</strong></span> <span class='ocrx_word' id='word_1_105' title='bbox 505 1799 669 1878; x_wconf 84' lang='lat' dir='ltr'><strong>venerant,</strong></span> <span class='ocrx_word' id='word_1_106' title='bbox 704 1794 885 1859; x_wconf 91' lang='lat' dir='ltr'><strong>ducendum</strong></span> <span class='ocrx_word' id='word_1_107' title='bbox 917 1794 1010 1859; x_wconf 88' lang='lat' dir='ltr'><strong>dedit</strong></span> <span class='ocrx_word' id='word_1_108' title='bbox 1061 1791 1238 1878; x_wconf 86' lang='lat' dir='ltr'><strong>Sulpicium</strong></span> 
     </span>
     <span class='ocr_line' id='line_1_16' title="bbox 180 1898 1238 1985; baseline -0.002 -20"><span class='ocrx_word' id='word_1_109' title='bbox 180 1898 300 1965; x_wconf 84' lang='lat' dir='ltr'><strong>Rufum</strong></span> <span class='ocrx_word' id='word_1_110' title='bbox 322 1901 462 1982; x_wconf 86' lang='lat' dir='ltr'><strong>legatum</strong></span> <span class='ocrx_word' id='word_1_111' title='bbox 490 1920 563 1965; x_wconf 91' lang='lat' dir='ltr'><strong>cum</strong></span> <span class='ocrx_word' id='word_1_112' title='bbox 586 1920 623 1966; x_wconf 91' lang='lat' dir='ltr'><strong>eo</strong></span> <span class='ocrx_word' id='word_1_113' title='bbox 645 1901 816 1985; x_wconf 89' lang='lat' dir='ltr'><strong>praesidio,</strong></span> <span class='ocrx_word' id='word_1_114' title='bbox 844 1900 931 1984; x_wconf 92' lang='lat' dir='ltr'><strong>quod</strong></span> <span class='ocrx_word' id='word_1_115' title='bbox 957 1902 1034 1966; x_wconf 90' lang='lat' dir='ltr'><strong>satis</strong></span> <span class='ocrx_word' id='word_1_116' title='bbox 1061 1918 1129 1966; x_wconf 89' lang='lat' dir='ltr'><strong>esse</strong></span> <span class='ocrx_word' id='word_1_117' title='bbox 1155 1899 1238 1964; x_wconf 89' lang='lat' dir='ltr'><strong>arbi-</strong></span> 
     </span>
     <span class='ocr_line' id='line_1_17' title="bbox 181 2005 734 2090; baseline 0 -20"><span class='ocrx_word' id='word_1_118' title='bbox 181 2005 335 2090; x_wconf 86' lang='lat' dir='ltr'><strong>trabatur,</strong></span> <span class='ocrx_word' id='word_1_119' title='bbox 357 2010 484 2090; x_wconf 90' lang='lat' dir='ltr'><strong>portum</strong></span> <span class='ocrx_word' id='word_1_120' title='bbox 507 2011 613 2072; x_wconf 90' lang='lat' dir='ltr'><strong>tencre</strong></span> <span class='ocrx_word' id='word_1_121' title='bbox 634 2007 734 2072; x_wconf 89' lang='lat' dir='ltr'><strong>iussit</strong></span> 
     </span>
     <span class='ocr_line' id='line_1_18' title="bbox 127 2111 1236 2197; baseline 0 -21"><span class='ocrx_word' id='word_1_122' title='bbox 127 2132 164 2191; x_wconf 63' lang='grc' dir='ltr'><em>ῃ</em></span> <span class='ocrx_word' id='word_1_123' title='bbox 269 2111 329 2178; x_wconf 88' lang='lat' dir='ltr'><strong>His</strong></span> <span class='ocrx_word' id='word_1_124' title='bbox 352 2113 532 2177; x_wconf 90' lang='lat' dir='ltr'><strong>constitutis</strong></span> <span class='ocrx_word' id='word_1_125' title='bbox 553 2112 649 2177; x_wconf 90' lang='lat' dir='ltr'><strong>rebus</strong></span> <span class='ocrx_word' id='word_1_126' title='bbox 671 2118 783 2179; x_wconf 88' lang='lat' dir='ltr'><strong>nactus</strong></span> <span class='ocrx_word' id='word_1_127' title='bbox 798 2113 946 2177; x_wconf 90' lang='lat' dir='ltr'><strong>idoneam</strong></span> <span class='ocrx_word' id='word_1_128' title='bbox 968 2113 1008 2177; x_wconf 89' lang='lat' dir='ltr'><strong>ad</strong></span> <span class='ocrx_word' id='word_1_129' title='bbox 1022 2112 1236 2197; x_wconf 86' lang='lat' dir='ltr'><strong>navigandum</strong></span> 
     </span>
     <span class='ocr_line' id='line_1_19' title="bbox 181 2218 1237 2303; baseline -0.002 -19"><span class='ocrx_word' id='word_1_130' title='bbox 181 2222 397 2303; x_wconf 84' lang='lat' dir='ltr'><strong>tempestatem</strong></span> <span class='ocrx_word' id='word_1_131' title='bbox 418 2219 476 2283; x_wconf 93' lang='lat' dir='ltr'>III.</span> <span class='ocrx_word' id='word_1_132' title='bbox 499 2220 565 2284; x_wconf 86' lang='lat' dir='ltr'><strong>fere</strong></span> <span class='ocrx_word' id='word_1_133' title='bbox 587 2219 697 2303; x_wconf 87' lang='lat' dir='ltr'><strong>vigilia</strong></span> <span class='ocrx_word' id='word_1_134' title='bbox 719 2220 817 2285; x_wconf 81' lang='lat' dir='ltr'><strong>solvit</strong></span> <span class='ocrx_word' id='word_1_135' title='bbox 839 2221 1023 2303; x_wconf 84' lang='lat' dir='ltr'><strong>equitesque</strong></span> <span class='ocrx_word' id='word_1_136' title='bbox 1045 2219 1081 2283; x_wconf 93' lang='lat' dir='ltr'><strong>in</strong></span> <span class='ocrx_word' id='word_1_137' title='bbox 1107 2218 1237 2284; x_wconf 88' lang='lat' dir='ltr'><strong>ulterio-</strong></span> 
     </span>
     <span class='ocr_line' id='line_1_20' title="bbox 181 2323 1237 2409; baseline -0.001 -20"><span class='ocrx_word' id='word_1_138' title='bbox 181 2343 249 2389; x_wconf 91' lang='lat' dir='ltr'><strong>rem</strong></span> <span class='ocrx_word' id='word_1_139' title='bbox 276 2329 402 2409; x_wconf 91' lang='lat' dir='ltr'><strong>portum</strong></span> <span class='ocrx_word' id='word_1_140' title='bbox 429 2324 576 2408; x_wconf 85' lang='lat' dir='ltr'><strong>progredi</strong></span> <span class='ocrx_word' id='word_1_141' title='bbox 603 2328 635 2389; x_wconf 91' lang='lat' dir='ltr'><strong>et</strong></span> <span class='ocrx_word' id='word_1_142' title='bbox 660 2344 757 2389; x_wconf 84' lang='lat' dir='ltr'><strong>naves</strong></span> <span class='ocrx_word' id='word_1_143' title='bbox 784 2323 993 2390; x_wconf 87' lang='lat' dir='ltr'><strong>conscendere</strong></span> <span class='ocrx_word' id='word_1_144' title='bbox 1025 2328 1117 2390; x_wconf 89' lang='lat' dir='ltr'><strong>etse</strong></span> <span class='ocrx_word' id='word_1_145' title='bbox 1143 2324 1237 2407; x_wconf 91' lang='lat' dir='ltr'><strong>sequi</strong></span> 
     </span>
     <span class='ocr_line' id='line_1_21' title="bbox 154 2429 1236 2515; baseline 0.001 -22"><span class='ocrx_word' id='word_1_146' title='bbox 154 2429 282 2501; x_wconf 64' lang='lat' dir='ltr'><strong>aiussit</strong></span> <span class='ocrx_word' id='word_1_147' title='bbox 327 2449 347 2494; x_wconf 89' lang='lat' dir='ltr'><strong>a</strong></span> <span class='ocrx_word' id='word_1_148' title='bbox 369 2429 485 2512; x_wconf 92' lang='lat' dir='ltr'><strong>quibus</strong></span> <span class='ocrx_word' id='word_1_149' title='bbox 499 2436 581 2494; x_wconf 89' lang='lat' dir='ltr'><strong>&#39;oum</strong></span> <span class='ocrx_word' id='word_1_150' title='bbox 603 2431 697 2515; x_wconf 86' lang='lat' dir='ltr'><strong>paulo</strong></span> <span class='ocrx_word' id='word_1_151' title='bbox 725 2430 844 2496; x_wconf 89' lang='lat' dir='ltr'><strong>tardius</strong></span> <span class='ocrx_word' id='word_1_152' title='bbox 871 2434 954 2495; x_wconf 87' lang='lat' dir='ltr'><strong>esset</strong></span> <span class='ocrx_word' id='word_1_153' title='bbox 975 2430 1236 2514; x_wconf 72' lang='lat' dir='ltr'><strong>administratam,</strong></span> 
     </span>
     <span class='ocr_line' id='line_1_22' title="bbox 181 2534 1236 2620; baseline 0.001 -22"><span class='ocrx_word' id='word_1_154' title='bbox 181 2535 249 2619; x_wconf 91' lang='lat' dir='ltr'><strong>ipse</strong></span> <span class='ocrx_word' id='word_1_155' title='bbox 270 2535 348 2599; x_wconf 88' lang='lat' dir='ltr'><strong>hora</strong></span> <span class='ocrx_word' id='word_1_156' title='bbox 375 2534 438 2598; x_wconf 90' lang='lat' dir='ltr'><strong>diei</strong></span> <span class='ocrx_word' id='word_1_157' title='bbox 465 2537 589 2600; x_wconf 85' lang='lat' dir='ltr'><strong>circiter</strong></span> <span class='ocrx_word' id='word_1_158' title='bbox 610 2536 684 2601; x_wconf 89' lang='lat' dir='ltr'>IIII.</span> <span class='ocrx_word' id='word_1_159' title='bbox 712 2555 786 2602; x_wconf 91' lang='lat' dir='ltr'><strong>cum</strong></span> <span class='ocrx_word' id='word_1_160' title='bbox 812 2536 922 2620; x_wconf 89' lang='lat' dir='ltr'><strong>primis</strong></span> <span class='ocrx_word' id='word_1_161' title='bbox 948 2536 1085 2601; x_wconf 88' lang='lat' dir='ltr'><strong>navibus</strong></span> <span class='ocrx_word' id='word_1_162' title='bbox 1111 2536 1236 2601; x_wconf 90' lang='lat' dir='ltr'><strong>Britan·</strong></span> 
     </span>
     <span class='ocr_line' id='line_1_23' title="bbox 182 2640 1236 2727; baseline 0.002 -24"><span class='ocrx_word' id='word_1_163' title='bbox 182 2640 268 2704; x_wconf 90' lang='lat' dir='ltr'><strong>niam</strong></span> <span class='ocrx_word' id='word_1_164' title='bbox 304 2641 407 2724; x_wconf 90' lang='lat' dir='ltr'><strong>attigit</strong></span> <span class='ocrx_word' id='word_1_165' title='bbox 443 2645 537 2725; x_wconf 87' lang='lat' dir='ltr'><strong>atque</strong></span> <span class='ocrx_word' id='word_1_166' title='bbox 572 2641 619 2707; x_wconf 92' lang='lat' dir='ltr'><strong>ibi</strong></span> <span class='ocrx_word' id='word_1_167' title='bbox 653 2643 689 2705; x_wconf 91' lang='lat' dir='ltr'><strong>in</strong></span> <span class='ocrx_word' id='word_1_168' title='bbox 725 2642 873 2706; x_wconf 92' lang='lat' dir='ltr'><strong>omnibus</strong></span> <span class='ocrx_word' id='word_1_169' title='bbox 908 2641 1042 2707; x_wconf 90' lang='lat' dir='ltr'><strong>collibus</strong></span> <span class='ocrx_word' id='word_1_170' title='bbox 1078 2642 1236 2727; x_wconf 82' lang='lat' dir='ltr'><strong>expositas</strong></span> 
     </span>
     <span class='ocr_line' id='line_1_24' title="bbox 155 2747 1238 2831; baseline 0.003 -22"><span class='ocrx_word' id='word_1_171' title='bbox 155 2747 320 2818; x_wconf 67' lang='lat' dir='ltr'><strong>ahostium</strong></span> <span class='ocrx_word' id='word_1_172' title='bbox 342 2747 448 2830; x_wconf 86' lang='lat' dir='ltr'><strong>copias</strong></span> <span class='ocrx_word' id='word_1_173' title='bbox 475 2751 610 2812; x_wconf 88' lang='lat' dir='ltr'><strong>armatas</strong></span> <span class='ocrx_word' id='word_1_174' title='bbox 637 2748 810 2831; x_wconf 87' lang='lat' dir='ltr'><strong>conspexit</strong></span> <span class='ocrx_word' id='word_1_175' title='bbox 859 2749 951 2812; x_wconf 89' lang='lat' dir='ltr'><strong>ouius</strong></span> <span class='ocrx_word' id='word_1_176' title='bbox 977 2748 1040 2812; x_wconf 92' lang='lat' dir='ltr'><strong>loci</strong></span> <span class='ocrx_word' id='word_1_177' title='bbox 1065 2748 1143 2812; x_wconf 87' lang='lat' dir='ltr'><strong>haec</strong></span> <span class='ocrx_word' id='word_1_178' title='bbox 1170 2753 1238 2813; x_wconf 88' lang='lat' dir='ltr'><strong>erat</strong></span> 
     </span>
     <span class='ocr_line' id='line_1_25' title="bbox 183 2852 1237 2938; baseline 0.002 -22"><span class='ocrx_word' id='word_1_179' title='bbox 183 2856 297 2916; x_wconf 89' lang='lat' dir='ltr'><strong>natura</strong></span> <span class='ocrx_word' id='word_1_180' title='bbox 318 2857 412 2935; x_wconf 89' lang='lat' dir='ltr'><strong>atque</strong></span> <span class='ocrx_word' id='word_1_181' title='bbox 434 2853 480 2917; x_wconf 86' lang='lat' dir='ltr'><strong>ita</strong></span> <span class='ocrx_word' id='word_1_182' title='bbox 502 2852 663 2918; x_wconf 89' lang='lat' dir='ltr'><strong>montibus</strong></span> <span class='ocrx_word' id='word_1_183' title='bbox 685 2858 819 2937; x_wconf 90' lang='lat' dir='ltr'><strong>anguste</strong></span> <span class='ocrx_word' id='word_1_184' title='bbox 833 2872 919 2918; x_wconf 87' lang='lat' dir='ltr'><strong>mare</strong></span> <span class='ocrx_word' id='word_1_185' title='bbox 935 2853 1166 2938; x_wconf 78' lang='lat' dir='ltr'><strong>continebatur,</strong></span> <span class='ocrx_word' id='word_1_186' title='bbox 1188 2854 1237 2918; x_wconf 89' lang='lat' dir='ltr'><strong>uti</strong></span> 
     </span>
     <span class='ocr_line' id='line_1_26' title="bbox 155 2958 1236 3045; baseline 0.003 -22"><span class='ocrx_word' id='word_1_187' title='bbox 155 2975 223 3030; x_wconf 69' lang='lat' dir='ltr'><strong>rex</strong></span> <span class='ocrx_word' id='word_1_188' title='bbox 249 2958 327 3024; x_wconf 91' lang='lat' dir='ltr'><strong>locis</strong></span> <span class='ocrx_word' id='word_1_189' title='bbox 354 2958 567 3042; x_wconf 89' lang='lat' dir='ltr'><strong>superioribus</strong></span> <span class='ocrx_word' id='word_1_190' title='bbox 593 2959 628 3022; x_wconf 92' lang='lat' dir='ltr'><strong>in</strong></span> <span class='ocrx_word' id='word_1_191' title='bbox 654 2958 729 3023; x_wconf 84' lang='lat' dir='ltr'><strong>lItus</strong></span> <span class='ocrx_word' id='word_1_192' title='bbox 755 2959 857 3023; x_wconf 92' lang='lat' dir='ltr'><strong>telum</strong></span> <span class='ocrx_word' id='word_1_193' title='bbox 882 2959 968 3044; x_wconf 87' lang='lat' dir='ltr'><strong>adigi</strong></span> <span class='ocrx_word' id='word_1_194' title='bbox 993 2966 1106 3045; x_wconf 88' lang='lat' dir='ltr'><strong>posset</strong></span> <span class='ocrx_word' id='word_1_195' title='bbox 1150 2960 1236 3026; x_wconf 90' lang='lat' dir='ltr'><strong>hunc</strong></span> 
     </span>
     <span class='ocr_line' id='line_1_27' title="bbox 182 3064 1236 3152; baseline 0.003 -24"><span class='ocrx_word' id='word_1_196' title='bbox 182 3065 223 3128; x_wconf 97' lang='lat' dir='ltr'><strong>ad</strong></span> <span class='ocrx_word' id='word_1_197' title='bbox 254 3064 480 3149; x_wconf 89' lang='lat' dir='ltr'><strong>egrediendum</strong></span> <span class='ocrx_word' id='word_1_198' title='bbox 511 3083 712 3149; x_wconf 88' lang='lat' dir='ltr'><strong>nequaquam</strong></span> <span class='ocrx_word' id='word_1_199' title='bbox 743 3064 894 3131; x_wconf 91' lang='lat' dir='ltr'><strong>idoneum</strong></span> <span class='ocrx_word' id='word_1_200' title='bbox 923 3066 1029 3130; x_wconf 93' lang='lat' dir='ltr'><strong>locum</strong></span> <span class='ocrx_word' id='word_1_201' title='bbox 1059 3066 1236 3152; x_wconf 76' lang='lat' dir='ltr'><strong>arbitratis,</strong></span> 
     </span>
     <span class='ocr_line' id='line_1_28' title="bbox 183 3170 1236 3256; baseline 0.003 -22"><span class='ocrx_word' id='word_1_202' title='bbox 183 3170 260 3235; x_wconf 93' lang='lat' dir='ltr'><strong>dum</strong></span> <span class='ocrx_word' id='word_1_203' title='bbox 281 3171 422 3254; x_wconf 88' lang='lat' dir='ltr'><strong>reliquae</strong></span> <span class='ocrx_word' id='word_1_204' title='bbox 444 3190 543 3236; x_wconf 86' lang='lat' dir='ltr'><strong>naves</strong></span> <span class='ocrx_word' id='word_1_205' title='bbox 565 3178 606 3237; x_wconf 89' lang='lat' dir='ltr'><strong>eo</strong></span> <span class='ocrx_word' id='word_1_206' title='bbox 627 3172 844 3256; x_wconf 82' lang='lat' dir='ltr'><strong>convenirent,</strong></span> <span class='ocrx_word' id='word_1_207' title='bbox 867 3171 907 3235; x_wconf 89' lang='lat' dir='ltr'><strong>ad</strong></span> <span class='ocrx_word' id='word_1_208' title='bbox 928 3172 1039 3236; x_wconf 87' lang='lat' dir='ltr'><strong>horam</strong></span> <span class='ocrx_word' id='word_1_209' title='bbox 1060 3191 1179 3237; x_wconf 85' lang='lat' dir='ltr'><strong>nonam</strong></span> <span class='ocrx_word' id='word_1_210' title='bbox 1201 3173 1236 3237; x_wconf 91' lang='lat' dir='ltr'><strong>in</strong></span> 
     </span>
     <span class='ocr_line' id='line_1_29' title="bbox 155 3277 1236 3362; baseline 0.002 -22"><span class='ocrx_word' id='word_1_211' title='bbox 155 3277 306 3348; x_wconf 69' lang='lat' dir='ltr'><strong>rancoris</strong></span> <span class='ocrx_word' id='word_1_212' title='bbox 337 3279 523 3360; x_wconf 83' lang='lat' dir='ltr'><strong>expectavit</strong></span> <span class='ocrx_word' id='word_1_213' title='bbox 573 3278 701 3342; x_wconf 90' lang='lat' dir='ltr'><strong>interim</strong></span> <span class='ocrx_word' id='word_1_214' title='bbox 731 3277 841 3362; x_wconf 79' lang='lat' dir='ltr'><strong>legatIs</strong></span> <span class='ocrx_word' id='word_1_215' title='bbox 869 3277 1068 3362; x_wconf 87' lang='lat' dir='ltr'><strong>tribunisque</strong></span> <span class='ocrx_word' id='word_1_216' title='bbox 1098 3279 1236 3342; x_wconf 89' lang='lat' dir='ltr'><strong>militum</strong></span> 
     </span>
     <span class='ocr_line' id='line_1_30' title="bbox 182 3382 1236 3467; baseline -0.002 -19"><span class='ocrx_word' id='word_1_217' title='bbox 182 3383 363 3448; x_wconf 86' lang='lat' dir='ltr'><strong>convocatis</strong></span> <span class='ocrx_word' id='word_1_218' title='bbox 381 3387 420 3465; x_wconf 90' lang='lat' dir='ltr'><strong>et,</strong></span> <span class='ocrx_word' id='word_1_219' title='bbox 439 3401 519 3465; x_wconf 90' lang='lat' dir='ltr'><strong>quae</strong></span> <span class='ocrx_word' id='word_1_220' title='bbox 537 3402 581 3448; x_wconf 83' lang='lat' dir='ltr'><strong>ax</strong></span> <span class='ocrx_word' id='word_1_221' title='bbox 596 3382 759 3448; x_wconf 86' lang='lat' dir='ltr'><strong>Voluseno</strong></span> <span class='ocrx_word' id='word_1_222' title='bbox 778 3384 984 3467; x_wconf 86' lang='lat' dir='ltr'><strong>cognovisset,</strong></span> <span class='ocrx_word' id='word_1_223' title='bbox 1007 3388 1046 3466; x_wconf 88' lang='lat' dir='ltr'><strong>et,</strong></span> <span class='ocrx_word' id='word_1_224' title='bbox 1067 3403 1148 3467; x_wconf 88' lang='lat' dir='ltr'><strong>quae</strong></span> <span class='ocrx_word' id='word_1_225' title='bbox 1165 3383 1236 3447; x_wconf 89' lang='lat' dir='ltr'><strong>fieri</strong></span> 
     </span>
     <span class='ocr_line' id='line_1_31' title="bbox 182 3488 1235 3572; baseline -0.001 -20"><span class='ocrx_word' id='word_1_226' title='bbox 182 3489 290 3572; x_wconf 77' lang='lat' dir='ltr'><strong>vellet,</strong></span> <span class='ocrx_word' id='word_1_227' title='bbox 312 3489 449 3554; x_wconf 88' lang='lat' dir='ltr'><strong>ostendit</strong></span> <span class='ocrx_word' id='word_1_228' title='bbox 470 3489 669 3572; x_wconf 89' lang='lat' dir='ltr'><strong>monuitque,</strong></span> <span class='ocrx_word' id='word_1_229' title='bbox 692 3492 729 3552; x_wconf 93' lang='lat' dir='ltr'><strong>ut</strong></span> <span class='ocrx_word' id='word_1_230' title='bbox 749 3490 797 3554; x_wconf 90' lang='lat' dir='ltr'><strong>rei</strong></span> <span class='ocrx_word' id='word_1_231' title='bbox 814 3489 961 3554; x_wconf 87' lang='lat' dir='ltr'><strong>militaris</strong></span> <span class='ocrx_word' id='word_1_232' title='bbox 982 3488 1075 3570; x_wconf 89' lang='lat' dir='ltr'><strong>ratio,</strong></span> <span class='ocrx_word' id='word_1_233' title='bbox 1096 3488 1235 3552; x_wconf 87' lang='lat' dir='ltr'><strong>maxime</strong></span> 
     </span>
     <span class='ocr_line' id='line_1_32' title="bbox 182 3594 1235 3679; baseline -0.003 -20"><span class='ocrx_word' id='word_1_234' title='bbox 182 3599 219 3659; x_wconf 92' lang='lat' dir='ltr'><strong>ut</strong></span> <span class='ocrx_word' id='word_1_235' title='bbox 241 3595 416 3659; x_wconf 88' lang='lat' dir='ltr'><strong>maritimae</strong></span> <span class='ocrx_word' id='word_1_236' title='bbox 438 3614 489 3660; x_wconf 88' lang='lat' dir='ltr'><strong>ras</strong></span> <span class='ocrx_word' id='word_1_237' title='bbox 511 3595 718 3679; x_wconf 89' lang='lat' dir='ltr'><strong>postularent,</strong></span> <span class='ocrx_word' id='word_1_238' title='bbox 745 3600 781 3659; x_wconf 92' lang='lat' dir='ltr'><strong>ut</strong></span> <span class='ocrx_word' id='word_1_239' title='bbox 803 3614 885 3678; x_wconf 90' lang='lat' dir='ltr'><strong>quae</strong></span> <span class='ocrx_word' id='word_1_240' title='bbox 907 3595 1043 3661; x_wconf 89' lang='lat' dir='ltr'><strong>celerem</strong></span> <span class='ocrx_word' id='word_1_241' title='bbox 1065 3598 1161 3678; x_wconf 90' lang='lat' dir='ltr'><strong>atque</strong></span> <span class='ocrx_word' id='word_1_242' title='bbox 1187 3594 1235 3656; x_wconf 93' lang='lat' dir='ltr'><strong>in·</strong></span> 
     </span>
     <span class='ocr_line' id='line_1_33' title="bbox 182 3699 1235 3783; baseline -0.001 -20"><span class='ocrx_word' id='word_1_243' title='bbox 182 3699 328 3764; x_wconf 88' lang='lat' dir='ltr'><strong>stabilem</strong></span> <span class='ocrx_word' id='word_1_244' title='bbox 348 3705 470 3764; x_wconf 91' lang='lat' dir='ltr'><strong>motum</strong></span> <span class='ocrx_word' id='word_1_245' title='bbox 492 3699 656 3782; x_wconf 89' lang='lat' dir='ltr'><strong>haberent,</strong></span> <span class='ocrx_word' id='word_1_246' title='bbox 679 3700 719 3764; x_wconf 93' lang='lat' dir='ltr'><strong>ad</strong></span> <span class='ocrx_word' id='word_1_247' title='bbox 741 3705 855 3765; x_wconf 91' lang='lat' dir='ltr'><strong>nutum</strong></span> <span class='ocrx_word' id='word_1_248' title='bbox 878 3705 910 3765; x_wconf 89' lang='lat' dir='ltr'><strong>et</strong></span> <span class='ocrx_word' id='word_1_249' title='bbox 932 3701 972 3765; x_wconf 93' lang='lat' dir='ltr'><strong>ad</strong></span> <span class='ocrx_word' id='word_1_250' title='bbox 986 3705 1111 3783; x_wconf 92' lang='lat' dir='ltr'><strong>tempus</strong></span> <span class='ocrx_word' id='word_1_251' title='bbox 1126 3716 1235 3762; x_wconf 91' lang='lat' dir='ltr'><strong>omues</strong></span> 
     </span>
     <span class='ocr_line' id='line_1_34' title="bbox 156 3803 1237 3872; baseline -0.004 0"><span class='ocrx_word' id='word_1_252' title='bbox 156 3822 234 3872; x_wconf 85' lang='lat' dir='ltr'><strong>cres</strong></span> <span class='ocrx_word' id='word_1_253' title='bbox 262 3803 300 3868; x_wconf 90' lang='lat' dir='ltr'><strong>ab</strong></span> <span class='ocrx_word' id='word_1_254' title='bbox 328 3805 368 3869; x_wconf 93' lang='lat' dir='ltr'><strong>iis</strong></span> <span class='ocrx_word' id='word_1_255' title='bbox 394 3805 697 3871; x_wconf 87' lang='lat' dir='ltr'><strong>admiuistrarentur.</strong></span> <span class='ocrx_word' id='word_1_256' title='bbox 746 3806 796 3872; x_wconf 91' lang='lat' dir='ltr'><strong>his</strong></span> <span class='ocrx_word' id='word_1_257' title='bbox 824 3806 962 3872; x_wconf 88' lang='lat' dir='ltr'><strong>dimissis</strong></span> <span class='ocrx_word' id='word_1_258' title='bbox 989 3811 1021 3871; x_wconf 89' lang='lat' dir='ltr'><strong>et</strong></span> <span class='ocrx_word' id='word_1_259' title='bbox 1046 3808 1177 3870; x_wconf 78' lang='lat' dir='ltr'><strong>ventum</strong></span> <span class='ocrx_word' id='word_1_260' title='bbox 1204 3808 1237 3869; x_wconf 89' lang='lat' dir='ltr'><strong>et</strong></span> 
     </span>
     <span class='ocr_line' id='line_1_35' title="bbox 183 3910 1237 3997; baseline 0 -23"><span class='ocrx_word' id='word_1_261' title='bbox 183 3913 305 3974; x_wconf 87' lang='lat' dir='ltr'><strong>aestum</strong></span> <span class='ocrx_word' id='word_1_262' title='bbox 323 3929 388 3975; x_wconf 94' lang='lat' dir='ltr'><strong>uno</strong></span> <span class='ocrx_word' id='word_1_263' title='bbox 403 3915 543 3994; x_wconf 89' lang='lat' dir='ltr'><strong>ternpore</strong></span> <span class='ocrx_word' id='word_1_264' title='bbox 557 3915 669 3976; x_wconf 85' lang='lat' dir='ltr'><strong>nactus</strong></span> <span class='ocrx_word' id='word_1_265' title='bbox 684 3912 860 3977; x_wconf 90' lang='lat' dir='ltr'><strong>secundum</strong></span> <span class='ocrx_word' id='word_1_266' title='bbox 883 3911 955 3978; x_wconf 89' lang='lat' dir='ltr'><strong>dato</strong></span> <span class='ocrx_word' id='word_1_267' title='bbox 978 3911 1070 3997; x_wconf 88' lang='lat' dir='ltr'><strong>signo</strong></span> <span class='ocrx_word' id='word_1_268' title='bbox 1086 3914 1118 3975; x_wconf 92' lang='lat' dir='ltr'><strong>et</strong></span> <span class='ocrx_word' id='word_1_269' title='bbox 1131 3910 1237 3975; x_wconf 88' lang='lat' dir='ltr'><strong>subla·</strong></span> 
     </span>
    </p>
   </div>
   <div class='ocr_carea' id='block_1_3' title="bbox 0 0 1374 4424">
    <p class='ocr_par' dir='ltr' id='par_1_3' title="bbox 0 0 1374 4424">
     <span class='ocr_line' id='line_1_36' title="bbox 0 0 1374 4424; baseline 0 0"><span class='ocrx_word' id='word_1_270' title='bbox 0 0 1374 4424; x_wconf 95' lang='lat' dir='ltr'><strong> </strong></span> 
     </span>
    </p>
   </div>
  </div>
 </body>
</html>
