2738 4424
461 291 568 347 naua
584 293 633 347 ΙΠ.
652 292 727 348 ΟΑΡ.
748 293 864 350 10-1a
1148 279 1188 340 55

139 455 227 516 vasto
250 456 345 534 atque
368 458 475 536 aperto
497 454 590 536 mari,
612 454 737 538 magnis
760 454 911 537 aestibus,
933 455 1012 519 raris
1034 473 1072 518 ac
1092 472 1190 538 prope

137 557 235 621 nullis
265 558 407 642 portibus
439 557 606 623 difficultas
640 560 820 642 navigandi.
873 560 1019 642 Namque
1049 561 1190 643 ipsorum
1211 564 1243 622 13

137 681 235 727 naves
257 664 298 727 ad
319 663 405 728 hunc
426 664 556 727 modum
582 664 682 729 iactae
710 670 910 749 armataeque
933 669 1036 729 erant:
1065 665 1189 728 cannae

138 769 298 851 aliquanto
321 768 477 853 planiores
501 789 596 853 quam
618 776 797 834 nostrarum
815 771 959 854 navium,
982 789 1045 854 quo
1067 769 1189 833 facilius

139 875 219 938 vada
241 895 278 939 ac
301 875 465 939 decessum
488 880 592 939 aestus
615 877 761 959 excipere
783 880 924 959 possent,
948 895 1058 959 prorae
1081 875 1215 940 admo-a

138 980 214 1044 dum
236 984 358 1045 erectae
380 985 474 1063 atque
495 982 571 1045 item
587 999 720 1064 puppes,
743 982 784 1045 ad
802 982 1053 1065 magnitudinem
1075 979 1188 1044 fluctu-

136 1105 192 1149 um
223 1090 507 1169 tempestatumque
538 1086 804 1167 accommodatae;
844 1105 942 1151 naves
974 1091 1056 1151 totae
1087 1087 1215 1153 factaes

136 1209 178 1255 ex
199 1192 312 1257 robore
335 1192 375 1255 ad
398 1192 543 1273 quamvis
566 1193 631 1254 vim
654 1195 686 1255 et
708 1192 934 1256 contumeliam
955 1192 1186 1275 perferendam

135 1301 272 1361 transtra
286 1316 328 1362 ex
342 1297 506 1381 pedalibus
522 1297 556 1360 in
571 1298 770 1362 altitudinem
784 1297 935 1382 trabibus,
951 1297 1077 1361 confixa
1092 1296 1187 1360 clavis
1202 1322 1215 1364 a

134 1403 244 1468 ferreis
276 1403 366 1486 digiti
396 1403 518 1486 pollicis
550 1398 770 1484 crassitudine,
807 1421 940 1467 ancorae
971 1422 1027 1486 pro
1058 1401 1214 1470 funibuse

134 1508 244 1573 ferreis
259 1509 377 1573 catenis
393 1509 567 1589 revinctas,
592 1509 689 1592 pelles
704 1527 760 1592 pro
775 1509 855 1572 velis
870 1509 1037 1591 alutaeque
1052 1508 1214 1576 tenuitere

135 1615 307 1696 confectae,
331 1612 414 1698 [hae]
438 1614 506 1677 sive
528 1620 655 1696 propter
676 1615 815 1696 inopiam
838 1614 895 1677 lini
918 1618 1011 1697 atque
1027 1615 1096 1677 eius
1110 1632 1189 1677 usus

134 1720 345 1801 inscientiam,
368 1721 436 1784 sive
452 1738 504 1803 eo,
528 1719 612 1802 quod
628 1725 676 1783 est
690 1719 791 1803 magis
805 1721 874 1783 veri
889 1720 1000 1801 simile,
1020 1719 1103 1801 quod
1120 1723 1188 1784 tan-

134 1829 181 1887 tas
205 1829 404 1908 tempestates
425 1824 543 1889 Oceani
566 1829 733 1906 tantosque
755 1826 891 1908 impetus
906 1829 1073 1889 ventorum
1095 1827 1188 1888 susti·

133 1931 203 1993 neri
227 1949 264 1993 ao
286 1935 374 1994 tanta
397 1948 492 1995 onera
515 1931 644 1993 navium
667 1931 735 2014 regi
756 1931 835 1994 velis
852 1949 918 1994 non
933 1932 1009 1994 satio
1024 1930 1188 1994 commode

132 2054 225 2119 posse
248 2035 488 2100 arbitrabantur.
516 2054 590 2098 cum
617 2036 666 2099 his
692 2036 828 2099 navibus
854 2040 980 2100 nostrae
1003 2035 1095 2100 classi
1119 2035 1214 2104 eiust

131 2142 219 2205 modi
242 2160 427 2225 congressus
450 2146 529 2224 erat,
552 2145 588 2204 ut
603 2161 668 2204 una
682 2142 840 2205 celeritate
863 2145 895 2205 et
908 2140 1003 2224 pulsu
1025 2159 1185 2204 remorum

130 2252 312 2332 praestaret,
344 2247 467 2330 reliqua
497 2266 554 2330 pro
584 2247 648 2311 loci
675 2251 800 2330 natura,
831 2266 887 2330 pro
911 2248 942 2309 vi
965 2251 1183 2329 tempestatum

130 2353 193 2417 illis
222 2357 327 2418 essent
354 2354 474 2436 aptiora
502 2357 533 2417 et
560 2352 849 2416 accommodatiora
894 2370 998 2434 neque
1026 2354 1110 2416 enim
1142 2353 1208 2422 iiss

130 2463 255 2524 nostrae
268 2464 369 2523 rostro
384 2477 498 2523 nocere
512 2462 668 2542 poterant,
683 2493 725 2504 -
740 2459 872 2522 tantuin
885 2457 1181 2541 liseratfirmitudo,

130 2601 172 2612 -
195 2583 300 2648 neque
322 2568 448 2648 propter
471 2565 668 2628 altitudinem
690 2563 781 2628 facile
807 2565 907 2629 telum
929 2563 1124 2647 adigebatur,
1151 2566 1182 2629 et

130 2670 240 2736 eadem
268 2671 307 2735 de
334 2689 429 2734 eausa
456 2672 561 2734 minus
588 2669 751 2735 commode
779 2670 900 2753 copulis
931 2669 1180 2735 continebantur.

129 2775 310 2860 accedebat,
336 2780 385 2858 ut,
413 2795 487 2839 cum
512 2776 635 2840 saevire
658 2779 773 2840 vennas
796 2776 949 2859 coepisset
976 2779 1008 2840 et
1029 2794 1064 2839 se
1085 2781 1208 2844 ventos

130 2882 303 2964 dedissent,
325 2886 357 2946 et
378 2884 594 2964 tempestatem
616 2880 734 2945 ferrent
753 2881 876 2945 facilius
899 2885 931 2944 et
952 2882 987 2944 in
1002 2882 1090 2945 vadis
1106 2899 1181 2945 con·

129 2987 277 3050 sisterent
302 2987 401 3050 tutius
433 2990 464 3050 et
495 2985 534 3049 ab
567 2989 656 3049 aestu
682 2985 809 3050 relictae
836 2986 917 3048 nihil
942 3005 1021 3049 saxa
1042 2991 1075 3050 et
1096 2991 1181 3052 cotes

128 3091 291 3172 timerent;
320 3109 454 3172 quarum
480 3109 586 3155 rerum
618 3092 759 3155 omnium
786 3092 902 3156 nostris
928 3091 1063 3155 navibus
1089 3110 1181 3156 casus

129 3201 196 3261 erat
219 3196 481 3261 extimescendus.
1229 3235 1232 3243 ·

218 3300 441 3383 Compluribus
473 3301 662 3385 expugnatis
693 3302 816 3385 oppidis
844 3301 970 3384 Caesar,
1001 3302 1058 3366 ubi
1088 3303 1234 3374 intel-14

128 3407 209 3472 lexit
229 3406 346 3471 frustra
367 3410 490 3470 tantum
511 3407 650 3470 laborem
678 3408 761 3472 sumi
784 3427 889 3490 neque
914 3408 1051 3472 hostium
1073 3408 1181 3492 fugam

128 3514 227 3598 captis
264 3512 387 3596 oppidis
421 3513 550 3596 reprimi
584 3530 689 3595 neque
725 3513 763 3577 iis
798 3514 907 3578 noceri
937 3533 1041 3599 posse,
1073 3515 1182 3579 statim

129 3617 357 3703 expectandam
379 3618 518 3682 classem.
565 3637 645 3700 quae
672 3617 727 3682 ubi
750 3619 899 3682 convenit
922 3638 959 3682 ac
980 3621 1119 3702 primum
1141 3620 1207 3687 abr

127 3724 273 3790 hostibus
303 3723 372 3787 visa
402 3727 463 3807 est,
495 3724 620 3788 circiter
643 3721 759 3789 CCXX
790 3743 887 3790 naves
914 3743 1024 3790 eorum
1051 3728 1180 3811 paratis·
1212 3745 1214 3749 ·

128 3832 227 3896 simae
263 3833 358 3913 atque
390 3829 477 3894 omni
511 3846 628 3914 genere
664 3849 823 3894 armorum
859 3832 1076 3896 ornatissimae
1108 3851 1180 3917 pro·

128 3936 228 4002 factm
265 3952 307 3999 ex
341 3939 435 4018 portu
470 3936 586 3999 nostris
620 3936 770 4002 adversae
810 3938 1033 4020 constiterunt3
1074 3956 1208 4022 nequet
