2738 4424
219 270 282 334 178
612 287 717 343 Bam
735 288 875 344 sanuel

217 450 285 510 tum
312 451 344 511 et
365 444 398 509 L
417 447 594 512 Minucium
616 449 759 513 Basilum
786 468 859 514 cum
886 448 1064 533 legionibus
1092 447 1214 512 duabus
1237 447 1272 510 in

216 550 324 616 Remis
351 553 505 637 conlocat,
534 571 575 618 ne
603 573 698 636 quam
725 574 743 618 a
769 553 913 618 finitimis
940 554 1119 620 Bellovacis
1146 553 1273 618 calami-

190 661 313 723 ctatem
339 659 502 742 accipiant
548 657 580 722 C.
603 660 780 724 Antistium
802 660 961 744 Reginum
987 660 1020 722 in
1043 659 1274 741 Ambiuaretos

217 763 248 827 Τ.
264 762 411 827 Sextium
433 765 468 828 in
482 764 655 850 Bituriges,
678 763 710 829 O.
727 765 897 842 Caninium
912 765 1060 830 Rebilum
1081 766 1117 828 in
1131 764 1273 829 Rutenos

191 888 292 938 rcum
315 869 448 953 singulis
470 870 647 954 legionibus
669 872 776 935 mittit
815 869 849 947 Q.
873 871 1011 934 ibllium
1034 869 1217 935 Ciceronem
1241 873 1274 934 et

219 973 254 1039 P.
270 972 446 1058 Sulpicium
461 974 616 1040 Gavilloni
638 982 671 1042 ot
685 977 858 1042 Matiscone
878 977 913 1040 in
928 976 1071 1040 Haeduis
1091 976 1131 1039 ad
1146 977 1271 1039 Ararim

145 1115 150 1124 ·
190 1081 266 1149 arei
292 1080 518 1146 frumentariae
544 1101 640 1147 causa
666 1083 817 1147 conlocat
862 1084 929 1166 ipse
956 1081 1104 1147 Bibracte
1131 1082 1272 1146 hiemare

219 1186 390 1250 constituit.
428 1186 477 1249 his
499 1186 595 1252 rebus
619 1206 661 1252 ex
685 1187 826 1253 Caesaris
851 1188 963 1253 litteris
991 1188 1126 1273 cognitis
1151 1186 1272 1251 Romae

219 1292 342 1356 dierum
364 1289 432 1356 XX
455 1293 641 1376 supplicatio
664 1295 816 1359 redditur.

640 1661 680 1727 A.
702 1660 852 1726 HIRTH

495 1805 684 1881 BELLI
722 1803 989 1882 GALLIOI

599 1961 706 2016 mssa
724 1959 890 2016 omarus.

191 2162 206 2207 r
308 2139 442 2206 Coactus
464 2140 605 2204 adsiduis
628 2141 692 2204 tuis
714 2139 858 2224 vocibus,
880 2139 993 2224 Balbe,
1020 2159 1093 2206 cum
1116 2139 1272 2205 cotidiana

219 2266 290 2312 mea
307 2246 463 2312 recusatio
488 2265 553 2310 non
575 2245 767 2310 difficultatis
789 2246 1040 2330 exornationem,
1062 2247 1117 2310 sed
1138 2243 1272 2311 inertiae

219 2353 380 2418 videretur
396 2352 647 2436 deprecationem
661 2352 791 2434 habere,
812 2349 1029 2415 difficillimam
1048 2370 1115 2416 rem
1131 2352 1269 2433 suscepi:

191 2478 205 2522 a
221 2457 360 2522 Caesaris
374 2458 475 2522 nostri
490 2458 731 2522 commentarios
746 2476 854 2522 rerum
871 2461 1029 2540 gestarum
1044 2455 1187 2540 [Galliae]
1204 2474 1270 2519 non

218 2564 467 2646 competentibus
489 2563 704 2647 superioribus
719 2568 814 2646 atquo
828 2561 1067 2645 insequentibus
1086 2562 1155 2625 eius
1174 2562 1270 2645 scrip-

217 2668 258 2732 tis
281 2669 433 2732 contexui
454 2670 726 2750 novissimumque
753 2668 970 2752 imperfectum
992 2668 1031 2733 ab
1054 2667 1149 2732 rebus
1171 2667 1271 2751 gestis

217 2773 429 2837 Alexandriae
451 2775 572 2838 confeci
593 2792 696 2857 usque
723 2774 763 2837 ad
786 2775 907 2838 exitum
930 2792 996 2838 non
1018 2774 1147 2857 quidem
1169 2774 1273 2838 civilis

218 2879 436 2963 dissensionis,
459 2879 552 2944 cuius
573 2877 669 2943 finem
691 2879 816 2943 nullum
836 2880 991 2965 videmus,
1014 2881 1070 2944 sed
1092 2879 1175 2944 vitae
1195 2876 1270 2943 Cae

191 2985 305 3050 aseris.
343 3003 422 3068 quos
444 2985 566 3048 utinam
590 2985 647 3066 qui
666 2985 772 3068 legent
794 2985 873 3051 scire
891 2986 1014 3069 possint
1037 3005 1131 3068 quam
1147 2985 1272 3050 invitus

218 3091 410 3175 susceperim
428 3090 623 3174 scribendos,
646 3110 709 3173 quo
730 3090 851 3155 facilius
867 3110 990 3157 caream
1009 3092 1159 3156 stultitiae
1175 3097 1272 3174 atque

218 3198 413 3281 arrogantiae
434 3197 579 3281 crimine,
600 3197 656 3279 qui
675 3215 727 3260 me
742 3197 856 3262 mediis
871 3197 1112 3281 interposuerim
1127 3197 1273 3262 Caesaris

192 3304 351 3387 ascriptis.
389 3307 510 3367 constat
531 3303 615 3367 enim
638 3302 720 3367 inter
743 3322 851 3367 omnes
877 3302 957 3366 nihil
984 3307 1047 3367 tam
1075 3321 1202 3386 operose
1230 3302 1268 3367 ab

219 3409 289 3473 aliis
312 3427 380 3474 esse
401 3409 587 3493 perfectum,
611 3408 696 3492 quod
718 3427 784 3472 non
805 3409 919 3472 horum
937 3408 1093 3491 elegantia
1112 3426 1270 3472 commen·

192 3517 370 3581 stariorum
392 3521 566 3599 superetur.
608 3515 761 3596 quisunt
783 3514 872 3598 editi,
894 3531 936 3578 ne
959 3514 1091 3579 scientia
1112 3517 1270 3578 tantarum

218 3640 324 3686 rerum
354 3619 557 3704 scriptoribus
586 3620 719 3703 deesset,
751 3621 893 3702 adeoque
925 3618 1097 3702 probantur
1128 3619 1270 3682 omnium

218 3727 349 3809 iudicio,
380 3730 418 3789 ut
443 3731 619 3809 praerepta,
648 3745 714 3790 non
740 3725 881 3808 praebita
906 3724 1039 3790 facultas
1065 3722 1270 3807 scriptoribus

191 3832 370 3899 avideatur.
408 3833 499 3895 cuius
520 3836 628 3895 tamen
649 3832 697 3896 rei
713 3831 815 3894 maior
832 3834 940 3894 nostra
962 3849 1057 3914 quam
1074 3829 1272 3910 reliquorum

220 3941 267 4003 est
294 3937 472 4020 admirati03
499 3938 595 4002 ceteri
621 3937 720 4020 enim,
748 3955 842 4018 quam
869 3935 950 4000 bene
977 3940 1071 4018 atque
1098 3933 1274 4019 emendate,
