2738 4424
175 174 218 237 24
571 189 834 246 nmmcmmor

173 349 397 415 frumentariae
428 351 661 416 simulationem
697 351 922 436 angustiasque
955 350 1079 416 itineris
1111 350 1232 415 confer-

174 459 257 538 rent,
287 455 390 521 facere
422 462 615 542 arroganter,
647 476 721 522 cum
751 463 806 520 aut
834 457 873 521 de
905 455 1008 521 officio
1035 456 1231 539 imperatoris

135 582 161 628 ιι
177 559 341 645 desperare
377 569 432 627 aut
467 562 679 647 praescribere
710 563 902 628 viderentur.
956 563 1034 627 haec
1069 562 1129 625 sibi
1162 580 1231 627 esse

176 683 283 749 cnrae;
310 667 506 733 firmanum
532 667 708 752 Sequanos,
735 667 870 751 Leucoe,
896 667 1056 751 Lingones
1077 667 1232 731 submini-

175 775 285 855 strare,
306 774 433 857 iamque
456 792 525 839 esse
547 775 583 837 in
605 774 688 857 agris
710 773 870 839 frumenta
890 779 1028 854 matura,
1058 772 1097 836 de
1120 774 1232 838 itinere

135 900 162 945 12
176 878 262 963 ipsos
283 877 373 942 brari
395 883 536 964 tempore
557 879 759 944 iudicaturos.
799 879 884 964 quod
907 898 971 943 non
994 879 1059 943 fore
1076 878 1160 942 dicto
1176 899 1232 942 au-

176 982 297 1049 dientes
319 1003 424 1068 neque
451 985 542 1070 signa
563 985 658 1050 laturi
681 985 839 1070 dicantur,
867 985 949 1048 nihil
975 1003 1009 1049 se
1031 1003 1068 1048 ea
1089 1003 1124 1049 re
1147 1004 1232 1048 ccm-

175 1091 310 1154 moveri:
343 1092 424 1156 scire
452 1092 549 1176 enim,
582 1091 836 1176 quibuscumque
869 1092 1028 1156 exercitus
1061 1090 1145 1154 dicto
1177 1110 1232 1153 au-

176 1194 266 1260 diens
287 1215 354 1260 non
375 1195 479 1281 fuerit,
502 1201 558 1261 aut
579 1197 661 1263 male
683 1217 719 1263 re
740 1202 830 1282 gesta
851 1197 1009 1262 fortunam
1026 1195 1162 1260 defuisse
1178 1201 1233 1259 aut

135 1325 163 1368 ra
176 1301 282 1386 aliquo
304 1302 442 1367 facinore
464 1308 622 1388 comperto
645 1304 810 1368 avaritiam
833 1322 902 1368 esse
925 1302 1110 1367 convictam
1141 1321 1232 1365 auam

176 1409 390 1473 innocentiam
416 1414 568 1493 perpetua
594 1410 672 1491 vita,
698 1409 878 1475 felicitatem
900 1409 1121 1474 Helvetiorum
1147 1407 1231 1472 bello

135 1537 162 1580 14
176 1532 245 1579 esse
266 1518 470 1598 perspectam.
492 1515 600 1599 itaque
622 1533 670 1598 so,
694 1515 780 1599 quod
802 1517 834 1578 in
858 1515 1036 1599 longiorem
1051 1513 1136 1577 diem
1157 1532 1232 1577 con-

175 1619 298 1686 laturus
327 1619 449 1702 fuisset,
484 1625 791 1705 repraesentaturum
826 1625 858 1687 et
888 1620 1036 1705 proxima
1068 1624 1161 1684 nocto
1193 1619 1232 1682 de

177 1730 289 1810 quarta
303 1726 413 1809 vigilia
428 1731 530 1791 castra
543 1731 713 1808 moturum,
735 1734 772 1791 ut
787 1728 1035 1811 quamprimum
1050 1725 1232 1808 intellegere

176 1837 289 1916 posset,
301 1836 409 1895 utrum
425 1831 508 1916 apud
524 1850 578 1897 eos
597 1832 701 1917 pudor
720 1838 815 1916 atque
836 1831 974 1896 officium
995 1851 1035 1895 an
1051 1833 1146 1896 timor
1160 1831 1233 1916 plus

136 1959 164 2005 re
177 1937 304 2003 valeret
350 1938 436 2021 quod
458 1937 486 2001 si
508 1943 670 2022 praeterea
692 1956 785 2003 nomo
801 1945 965 2023 sequatur,
987 1941 1143 2002 tamense
1159 1956 1232 2001 cum

176 2043 243 2108 sola
265 2042 387 2108 decima
408 2043 533 2127 legione
547 2045 677 2126 iturum,
700 2044 739 2108 de
755 2064 818 2128 qua
832 2063 898 2107 non
914 2043 1085 2126 dubitaret,
1108 2043 1232 2124 sibique

177 2167 247 2214 eam
272 2150 459 2233 praetoriam
491 2150 652 2215 cohortem
681 2150 827 2214 futuram.
872 2149 947 2213 huic
972 2149 1090 2232 legioni
1118 2148 1233 2213 Caesar

177 2258 210 2320 et
238 2254 413 2319 indulserat
442 2256 611 2340 praecipue
642 2261 674 2321 et
708 2260 836 2340 propter
871 2255 1023 2318 virtutem
1054 2253 1232 2318 confidebat

123 2375 156 2431 41
176 2361 323 2425 maxime.
367 2359 438 2424 Hac
460 2362 600 2426 oratione
621 2361 728 2426 habita
749 2362 867 2424 mirum
892 2361 928 2424 in
949 2359 1080 2423 modum
1102 2377 1232 2424 conver-

178 2485 231 2533 sae
253 2472 327 2532 sunt
350 2469 492 2531 omnium
513 2475 635 2533 mentes
658 2487 844 2551 summaque
867 2466 1012 2532 alacritas
1031 2470 1063 2530 et
1076 2465 1231 2548 cupiditas

151 2571 254 2638 abelli
279 2572 410 2658 gerendi
430 2573 529 2638 inlata
551 2580 611 2657 est,
641 2574 852 2659 princepsque
878 2572 920 2638 X.
944 2573 1025 2656 legio
1052 2589 1109 2655 per
1130 2570 1231 2635 tribu-

178 2697 237 2743 nos
257 2679 395 2742 militum
419 2679 448 2743 ei
470 2681 585 2763 gratias
608 2681 684 2764 egit,
711 2678 797 2763 quod
820 2679 860 2742 de
887 2697 921 2744 se
942 2679 1097 2762 optimum
1119 2676 1231 2740 iudici-

179 2803 235 2848 um
251 2782 389 2867 fecisset,
408 2802 505 2868 seque
524 2804 593 2850 esse
613 2785 652 2849 ad
671 2784 791 2850 bellum
810 2784 984 2868 gerendum
1003 2783 1231 2867 paratissimam

151 2887 384 2965 aconfirmavit.
419 2889 532 2956 deinde
547 2889 688 2973 reliquae
702 2890 843 2974 legiones
855 2909 928 2954 cum
943 2888 1079 2954 tribunis
1092 2889 1231 2953 militum

180 3000 211 3062 et
232 2997 407 3080 primorum
431 2995 579 3060 ordinum
599 2996 836 3059 centurionibus
860 3000 1006 3079 egerunt,
1030 2994 1079 3059 uti
1104 2993 1231 3059 Caesari
1345 3043 1346 3046 η

179 3102 404 3168 satisfacerent:
428 3122 462 3167 se
488 3121 592 3185 neque
612 3119 764 3183 umquam
783 3101 941 3165 dubitasse
964 3120 1067 3184 neque
1089 3101 1232 3165 timuisse

179 3227 284 3294 neque
312 3209 351 3273 de
378 3227 500 3272 summa
530 3207 608 3273 belli
639 3227 732 3272 suum
754 3206 921 3289 iudicium,
952 3205 1008 3272 sed
1034 3208 1232 3291 imperatoris

153 3333 250 3380 resse
276 3314 513 3380 existimavisse.
541 3333 651 3379 eorum
678 3314 884 3378 sadsfactione
911 3319 1039 3396 accepta
1066 3317 1098 3377 et
1118 3314 1232 3391 itinere

181 3422 337 3506 exquisito
352 3439 410 3504 per
420 3417 625 3503 Diviciacum,
639 3420 723 3503 quod
738 3438 780 3485 ex
791 3419 890 3484 Gallis
905 3419 935 3483 ei
949 3420 1120 3484 maximam
1136 3417 1231 3482 fidem

180 3526 326 3610 habebat,
353 3532 390 3590 ut
415 3527 540 3590 milium
568 3527 702 3610 amplius
729 3525 957 3610 quinquaginta
988 3525 1122 3590 cuomtu
1153 3524 1232 3587 locis

182 3633 297 3717 apertis
324 3633 499 3697 exercitum
526 3631 666 3715 duceret,
694 3632 733 3696 de
757 3641 868 3715 quarta
890 3632 1011 3715 vigilia,
1039 3636 1074 3693 ut
1101 3629 1231 3710 dixerat,

156 3760 170 3804 a
182 3739 339 3824 profectus
366 3745 421 3804 est
466 3738 599 3822 septimo
628 3739 691 3819 die,
722 3757 796 3801 cum
822 3737 883 3801 iter
908 3756 973 3800 non
1003 3735 1232 3816 intermitteret,

184 3843 223 3909 ab
254 3844 507 3930 exploratoribus
538 3844 653 3908 certior
687 3844 787 3907 factus
818 3848 866 3907 est
895 3841 1048 3906 Ariovisti
1078 3840 1183 3923 copias
1215 3861 1233 3903 a

183 3952 299 4015 nostris
321 3952 408 4015 milia
430 3970 581 4034 passuum
603 3950 669 4014 ΗΠ
692 3957 723 4015 et
744 3949 811 4013 XX
833 3948 949 4012 abesse.
