2738 4424
407 266 515 322 LIBER
531 267 592 323 VH.
611 266 687 323 eff.
706 266 828 324 77-80.
1081 249 1145 315 173

179 428 305 493 Interea
331 425 493 494 Commius
523 428 703 512 reliquique
734 426 843 511 ducas,
875 427 990 511 quibus
1021 445 1147 491 summa
1164 433 1200 490 aa

90 533 219 618 imperii
245 533 399 617 permissa
425 538 503 619 orat,
535 552 609 597 oum
635 531 783 597 omnibus
813 534 912 616 copiis
939 532 979 596 ad
1005 531 1147 596 Alesiam

90 640 283 726 perveniunt
309 644 341 704 et
363 639 442 704 colle
465 639 621 705 exteriore
645 643 795 722 occupato
822 658 887 702 non
908 638 1036 722 longius
1057 636 1147 701 mille

90 745 236 831 passibus
262 765 283 809 a
307 745 424 811 nostris
454 743 686 809 munitionibus
717 743 894 809 considunt
938 749 1062 827 postero
1094 742 1174 811 dier

92 851 237 935 equitatu
251 870 293 916 ex
308 851 418 915 castris
438 850 550 915 educto
571 868 698 914 omnem
718 868 787 914 eam
805 849 982 933 planitiem,
1002 868 1098 932 quam
1112 849 1147 912 in

90 957 323 1042 longitudinem
349 956 438 1019 milia
467 975 618 1040 passuum
644 955 695 1020 m
720 960 827 1039 patere
855 954 1147 1037 demonstravimus,

91 1063 249 1148 complent
270 1063 494 1146 pedestresque
517 1062 623 1145 copias
644 1061 776 1145 paulum
799 1060 837 1124 ab
858 1079 896 1125 eo
910 1059 980 1125 loco
996 1060 1147 1124 abductas

89 1170 127 1233 in
147 1169 227 1234 locis
249 1167 466 1253 superioribus
490 1168 693 1233 constituunt
740 1171 806 1231 erat
832 1185 873 1231 ex
901 1166 1015 1250 oppido
1037 1165 1173 1233 Alesiae

92 1276 257 1360 despectus
283 1276 318 1338 in
345 1293 499 1359 campum.
545 1277 739 1338 concurrunt
764 1273 814 1336 his
841 1273 970 1336 auxiliis
992 1272 1084 1354 risis5
1110 1270 1148 1334 fit

92 1382 261 1466 grabrlatio
278 1380 365 1445 inter
383 1399 446 1464 eos,
469 1384 564 1462 atque
583 1379 727 1444 omnium
747 1379 846 1442 animi
865 1378 905 1441 ad
920 1377 1071 1442 laetitiam
1091 1396 1147 1443 ex-

90 1487 238 1552 citantur.
274 1487 383 1568 itaque
404 1486 566 1569 productis
589 1485 688 1568 copiis
711 1490 783 1549 ante
804 1485 955 1567 oppidum
970 1485 1174 1552 consistrmta

66 1599 124 1658 'ot
144 1593 323 1676 proximam
348 1592 465 1656 fossam
491 1591 630 1656 cratibus
656 1592 804 1674 integunt
830 1595 926 1673 atque
951 1609 1064 1674 aggere
1092 1608 1148 1654 ex-

90 1698 180 1782 plent
201 1716 299 1781 seque
321 1697 362 1760 ad
385 1697 584 1780 eruptionem
606 1701 701 1779 atque
721 1715 831 1761 omnes
851 1715 942 1760 casus
957 1701 1146 1779 comparant

75 1801 207 1869 rCaesar
234 1803 322 1868 omni
349 1804 489 1867 exercitu
521 1803 561 1866 ad
587 1807 754 1885 utramque
785 1805 905 1885 partem
932 1801 1147 1865 munitionum
1164 1818 1200 1873 ευ

92 1910 257 1993 disposito,
280 1912 329 1991 ut,
351 1909 379 1972 si
400 1927 478 1972 usus
495 1908 615 1990 veniat,
638 1927 732 1971 suum
756 1907 891 1991 quisque
913 1906 1020 1970 locum
1042 1909 1148 1970 teneat

92 2020 124 2080 et
145 2015 281 2097 noverit,
308 2014 484 2096 equitatum
511 2031 553 2077 ex
575 2013 685 2077 castris
708 2011 801 2077 educi
829 2016 860 2076 ct
885 2012 1041 2095 proelium
1063 2030 1148 2075 com-

90 2121 174 2184 mitti
207 2119 303 2184 iubet
358 2123 426 2184 erat
459 2137 501 2184 ex
535 2117 682 2182 omnibus
716 2117 839 2199 castris,
874 2136 955 2198 quae
989 2136 1175 2184 summuma

91 2226 234 2310 undique
256 2226 367 2309 iugum
389 2224 552 2308 tenebant,
574 2223 751 2307 despectus,
778 2227 874 2306 atque
897 2241 1007 2288 omnes
1028 2222 1147 2287 milites

90 2333 207 2398 intenti
228 2349 354 2416 pugnae
368 2334 559 2414 proventum
573 2330 789 2412 expectabant
828 2328 911 2392 Galli
925 2329 1010 2394 inter
1024 2330 1174 2411 equitesa

90 2457 179 2502 raros
194 2437 373 2522 sagittarios
388 2436 618 2520 expeditosque
632 2435 713 2500 levis
728 2440 904 2498 armaturae
918 2433 1147 2520 interiecerant,

93 2544 149 2628 qui
164 2545 231 2609 suis
247 2542 432 2609 cedentibus
447 2542 567 2606 auxilio
583 2546 804 2606 succurrerent
818 2545 850 2606 ct
863 2545 1044 2604 nostrorum
1059 2541 1148 2624 equi-

92 2654 162 2714 tum
183 2651 320 2734 impetus
343 2650 544 2714 sustinerent
582 2647 621 2711 ab
640 2647 691 2711 his
714 2647 891 2731 complures
914 2645 954 2710 de
975 2647 1148 2730 improviso

91 2756 249 2819 vrrlnerati
267 2755 387 2839 proelio
408 2755 611 2820 excedebant
650 2773 723 2818 oum
746 2772 821 2818 suos
842 2772 950 2837 pugna
972 2754 1176 2837 superioresc

93 2878 162 2926 esse
175 2860 257 2925 Galli
272 2859 465 2924 confiderent
481 2865 511 2924 et
526 2865 650 2925 nostros
664 2859 869 2924 multitudine
883 2860 984 2942 premi
996 2860 1149 2942 viderent,

94 2985 135 3031 ex
151 2965 299 3029 omnibus
313 2965 457 3048 partibus
472 2971 504 3030 et
517 2966 554 3048 ii,
578 2967 634 3050 qui
648 2964 881 3029 munitionibus
899 2965 1149 3049 continebantur,

93 3075 126 3138 et
151 3071 189 3153 ii,
217 3071 273 3154 qui
300 3070 340 3133 ad
367 3071 525 3134 auxilium
552 3075 779 3153 convenerant,
807 3071 943 3134 clamore
969 3075 1000 3134 ct
1025 3070 1149 3134 ululatu

94 3195 226 3242 suorum
248 3176 370 3240 animos
393 3175 629 3240 confirmabant.
664 3176 750 3259 quod
768 3177 803 3239 in
823 3179 992 3258 conspectu
1008 3176 1176 3245 omniumr

93 3302 145 3348 res
159 3279 329 3366 gerebatur
342 3300 448 3363 neque
463 3286 548 3345 recte
563 3286 618 3345 aut
631 3283 765 3365 turpiter
778 3279 896 3343 factum
911 3281 1004 3344 celari
1020 3285 1150 3366 poterat,

93 3392 247 3472 utrosque
271 3391 303 3452 et
323 3387 428 3451 laudis
451 3387 605 3470 cupiditas
633 3392 665 3452 ct
689 3388 784 3450 timor
806 3385 998 3469 ignominiae
1025 3386 1066 3450 ad
1088 3388 1151 3450 vir-

94 3499 196 3560 tutem
221 3493 388 3558 excitabat.
428 3511 501 3556 oum
528 3512 547 3555 a
572 3492 704 3557 meridie
726 3509 825 3575 prope
848 3492 888 3555 ad
908 3491 983 3556 solis
1004 3511 1177 3562 occasums

94 3599 194 3665 dubia
208 3599 342 3664 victoria
363 3603 571 3683 pugnaretur,
595 3597 744 3662 Germani
763 3615 829 3660 una
851 3597 886 3659 in
900 3601 987 3680 parto
1002 3599 1151 3663 confertis

94 3705 210 3771 turmis
236 3705 271 3768 in
298 3705 405 3768 hostes
432 3704 587 3787 impetum
618 3702 760 3768 fecerunt
786 3720 904 3784 eosque
930 3704 1149 3786 propulerunt3

94 3811 213 3894 quibus
235 3809 271 3873 in
285 3811 394 3893 fugam
410 3809 562 3874 coniectis
584 3809 738 3894 sagittarii
760 3808 967 3871 circumventi
980 3809 1177 3881 interfecti-7

94 3934 159 4001 qua
181 3921 264 3981 sunt
303 3917 380 3980 item
403 3934 445 3980 ex
466 3914 598 3998 reliquis
613 3914 754 3999 partibus
769 3913 871 3977 nostri
886 3913 1032 3980 cedentes
1048 3935 1177 4000 usques
