2738 4424
454 286 625 343 amram
644 287 719 344 car.
739 286 859 343 ra-as.
1122 268 1183 333 121

132 446 221 511 nulla
243 451 292 513 est
313 447 494 532 occultatio,
519 448 604 531 quod
626 453 658 513 et
675 449 853 532 promiscue
867 447 902 510 in
916 444 1102 511 fluminibus
1115 465 1186 529 per-

131 553 265 617 luuntur
286 557 319 620 et
339 553 475 637 pellibus
495 557 551 617 aut
564 554 670 638 parvis
684 573 842 619 renonum
856 552 1037 636 tegimentis
1051 556 1187 616 utuntur

131 678 247 743 magna
268 659 408 743 corporis
430 664 518 743 parte
539 659 635 723 nuda
683 660 764 744 Agri
790 659 932 724 culturae
958 676 1025 722 nou
1052 656 1187 739 student,
1203 667 1239 724 ‘tt

132 764 296 848 maiorque
318 784 391 849 pars
414 783 524 829 eorum
546 767 650 830 rictus
677 765 712 829 in
738 765 831 848 lacte,
858 783 963 848 caseo,
991 781 1085 829 earne
1112 780 1187 825 con-

133 872 223 936 sistit
259 889 364 954 neque
380 871 548 954 quisquam
562 871 630 954 agri
645 871 776 936 modum
792 875 912 936 certum
926 874 982 934 aut
994 868 1076 934 fines
1092 867 1214 940 habeta

132 977 286 1061 proprios,
313 977 369 1041 sed
390 978 590 1061 magistratus
613 996 651 1041 ac
671 977 831 1061 principes
856 977 893 1041 in
919 995 1019 1041 annos
1045 974 1187 1058 singrdos

133 1067 282 1167 gentibus
304 1083 608 1167 cognationibusque
625 1083 791 1147 bominum
810 1083 929 1166 quique
950 1101 1016 1146 una
1033 1079 1187 1162 coierunt,

135 1194 291 1272 quantum
309 1192 341 1252 et
359 1207 422 1271 quo
437 1188 507 1253 loco
522 1188 626 1253 visum
642 1192 690 1253 est
704 1188 781 1273 agri,
797 1187 972 1253 attribuunt
993 1191 1088 1270 atque
1104 1204 1186 1249 anno

133 1300 204 1379 post
225 1295 287 1360 alio
305 1295 440 1359 bansire
459 1299 585 1378 cogunt
621 1294 692 1359 eius
708 1295 756 1359 rei
770 1294 886 1358 multas
901 1293 1047 1358 adfenmt
1061 1310 1185 1357 causas:
1199 1319 1215 1363 a

133 1420 175 1466 ne
197 1401 331 1466 adsidua
352 1399 582 1465 consuetudine
605 1401 688 1484 capti
710 1400 853 1465 studium
874 1398 951 1463 belli
974 1397 1103 1484 gerendi
1121 1398 1188 1482 agri

134 1506 258 1571 cultura
280 1510 488 1586 commutent3
511 1522 552 1570 ne
573 1505 655 1570 latos
676 1504 756 1570 finos
778 1523 889 1590 parare
911 1506 1059 1570 studeant
1079 1509 1188 1589 poten-

134 1613 230 1677 tiores
253 1616 348 1694 atque
369 1611 556 1676 humiliores
571 1612 824 1696 possessionibus
842 1612 1016 1695 expellant3
1039 1631 1080 1677 ne
1095 1630 1188 1676 accu-

133 1719 232 1782 ratius
254 1717 296 1781 ad
317 1716 434 1800 frigora
456 1722 551 1800 atque
574 1722 679 1782 aestus
698 1718 843 1782 vitandos
858 1717 1038 1798 aedificent3
1061 1735 1102 1781 ne
1125 1736 1189 1799 qua

135 1823 255 1887 oriatur
276 1823 430 1907 pecuniae
453 1821 621 1907 cupiditas,
645 1842 707 1905 qua
729 1842 769 1887 ex
791 1841 826 1886 re
847 1823 998 1887 factiones
1021 1821 1188 1887 dbsensio-

134 1946 254 2011 nosque
276 1932 465 2009 nascuntur3
488 1932 526 1992 ut
547 1929 648 1992 animi
670 1929 828 2012 aequitate
850 1928 975 2011 plebem
997 1928 1215 2012 contineantt

135 2053 208 2097 cum
230 2051 304 2098 suas
327 2034 461 2117 quisque
484 2052 559 2118 opes
582 2052 656 2098 cum
677 2034 902 2118 potentissimis
924 2033 1053 2116 aequari
1074 2034 1187 2098 videat

135 2137 322 2204 Civitatibus
348 2140 490 2203 maxima
515 2139 585 2202 laus
612 2143 671 2221 est,
703 2158 799 2222 quam
824 2139 976 2204 latissime
1006 2139 1127 2204 circum
1154 2158 1187 2205 se
1205 2150 1242 2208 28

134 2245 263 2310 vastatis
284 2243 403 2309 finibus
425 2245 612 2309 solitudines
634 2244 758 2310 babere.
802 2245 864 2310 hoc
884 2246 1047 2330 proprium
1061 2245 1215 2310 virtutisa

135 2351 332 2434 existimant,
354 2351 505 2435 expulsos
528 2351 612 2436 agris
633 2350 785 2416 finitimos
812 2351 923 2416 cedere
949 2369 1053 2434 neque
1080 2370 1188 2435 quem-

135 2477 231 2540 quam
252 2474 350 2542 prope
373 2476 406 2522 se
429 2457 547 2522 audere
570 2458 755 2539 consistero;
782 2456 878 2522 simul
903 2458 964 2522 hoc
985 2474 1020 2522 se
1045 2456 1113 2523 fore
1139 2461 1242 2522 tu-a·

134 2565 228 2629 tiores
251 2563 459 2646 arbitrantur,
488 2564 671 2648 repentinae
697 2563 891 2627 incursionis
917 2563 1031 2629 timore
1058 2562 1189 2629 sublato.

135 2691 209 2736 cum
229 2669 350 2734 bellum
372 2669 486 2733 civitas
512 2673 569 2733 aut
589 2669 724 2732 inlatum
747 2668 889 2734 defendit
910 2673 965 2733 aut
990 2670 1098 2754 infert,
1124 2690 1190 2736 ma-
1203 2679 1220 2732 t¹

135 2778 297 2860 gistrum
320 2775 376 2858 qui
399 2775 430 2840 ei
453 2775 535 2839 bello
557 2776 697 2859 praesint
719 2780 751 2840 et
773 2777 857 2840 vitae
883 2776 1034 2858 necisque
1056 2775 1191 2841 babeant

135 2886 334 2965 potestatem,
369 2880 560 2964 deliguntur.
614 2881 650 2945 in
681 2900 758 2966 pace
791 2882 900 2946 nullus
934 2886 982 2947 est
1014 2883 1218 2947 communias

137 2986 353 3069 magistratus,
375 2986 432 3051 sed
453 2987 613 3071 principes
634 2988 803 3070 regionum
825 2994 919 3071 atque
934 3007 1087 3072 pagorum
1108 2989 1192 3050 inter

138 3110 212 3155 suos
247 3090 301 3155 ius
336 3091 447 3155 dicunt
481 3093 776 3175 controversiasque
811 3094 968 3156 minuunt
1025 3092 1221 3157 latrociniao

136 3197 259 3261 nullam
280 3194 398 3261 babent
419 3197 596 3280 infamiam,
619 3216 701 3281 quae
723 3202 814 3263 extta
835 3197 916 3262 fines
938 3199 1094 3281 cuiusque
1117 3199 1192 3262 civi-

138 3304 211 3368 tatis
241 3302 335 3385 fiunt,
367 3306 462 3383 atque
494 3322 531 3367 ea
561 3302 735 3368 iuventutis
762 3304 957 3369 exercendae
989 3323 1027 3369 ac
1053 3304 1193 3369 desidiae

138 3408 330 3472 minuendae
352 3426 449 3472 causa
470 3406 540 3472 fieri
554 3408 745 3492 praedicant
783 3414 877 3490 atque
891 3408 950 3473 ubi
966 3411 1037 3493 quis
1052 3428 1094 3474 ex
1107 3411 1220 3495 prin-r

139 3514 264 3599 cipibus
286 3513 321 3576 in
343 3512 478 3578 concilio
497 3513 580 3576 dixit
601 3533 635 3579 se
654 3514 768 3579 ducem
789 3515 869 3598 fore,
893 3515 949 3599 qui
971 3517 1063 3598 sequi
1085 3516 1194 3600 velint,

139 3620 357 3706 profiteantur,
389 3622 586 3704 consurgunt
611 3619 648 3702 ii,
681 3620 737 3703 qui
763 3625 795 3686 et
822 3639 949 3685 oausam
976 3626 1008 3686 ct
1032 3622 1194 3688 hominem

139 3726 287 3813 probant,
315 3745 473 3809 suumque
496 3725 653 3790 auxilium
674 3726 864 3811 pollicentur
886 3733 980 3812 atque
1008 3749 1027 3792 a
1052 3728 1194 3793 multitu-

141 3835 216 3899 dine
238 3830 482 3913 conlaudantur3
507 3831 563 3915 qui
586 3851 629 3897 ex
650 3832 700 3896 his
722 3833 824 3897 secuti
845 3852 912 3898 non
931 3839 1018 3918 sunt,
1041 3834 1077 3899 in
1092 3835 1225 3901 deser-e
1247 3850 1248 3855 ’

141 3944 247 4005 torum
272 3958 310 4005 ac
331 3937 527 4022 proditorum
553 3956 686 4003 numero
713 3937 887 4023 ducuntur,
914 3941 1121 4023 omniumque
1147 3942 1197 4005 his
