<?xml version="1.0" encoding="UTF-8"?>
<!DOCTYPE html PUBLIC "-//W3C//DTD XHTML 1.0 Transitional//EN"
    "http://www.w3.org/TR/xhtml1/DTD/xhtml1-transitional.dtd">
<html xmlns="http://www.w3.org/1999/xhtml" xml:lang="en" lang="en">
 <head>
  <title>
</title>
<meta http-equiv="Content-Type" content="text/html;charset=utf-8" />
  <meta name='ocr-system' content='tesseract 3.04.00' />
  <meta name='ocr-capabilities' content='ocr_page ocr_carea ocr_par ocr_line ocrx_word'/>
</head>
<body>
  <div class='ocr_page' id='page_1' title='image "./ciuliicaesarisb02meusgoog_0159.png"; bbox 0 0 2738 4424; ppageno 0'>
   <div class='ocr_carea' id='block_1_1' title="bbox 448 270 1183 342">
    <p class='ocr_par' dir='ltr' id='par_1_1' title="bbox 448 270 1183 342">
     <span class='ocr_line' id='line_1_1' title="bbox 448 270 1183 342; baseline -0.011 -2"><span class='ocrx_word' id='word_1_1' title='bbox 448 285 555 340; x_wconf 84' lang='lat' dir='ltr'><strong>LIBER</strong></span> <span class='ocrx_word' id='word_1_2' title='bbox 573 286 633 341; x_wconf 79' lang='lat' dir='ltr'>VH.</span> <span class='ocrx_word' id='word_1_3' title='bbox 654 286 729 342; x_wconf 77' lang='lat' dir='ltr'>CAP.</span> <span class='ocrx_word' id='word_1_4' title='bbox 748 286 865 341; x_wconf 70' lang='grc' dir='ltr'><strong>’ΖΟ-23.</strong></span> <span class='ocrx_word' id='word_1_5' title='bbox 1121 270 1183 334; x_wconf 81' lang='grc'>143</span> 
     </span>
    </p>
   </div>
   <div class='ocr_carea' id='block_1_2' title="bbox 58 444 1322 4022">
    <p class='ocr_par' dir='ltr' id='par_1_2' title="bbox 58 444 1185 743">
     <span class='ocr_line' id='line_1_2' title="bbox 58 444 1185 530; baseline 0.002 -21"><span class='ocrx_word' id='word_1_6' title='bbox 58 488 59 491; x_wconf 25' lang='lat'>¹</span> <span class='ocrx_word' id='word_1_7' title='bbox 127 444 326 530; x_wconf 75' lang='lat' dir='ltr'>Biturigibus</span> <span class='ocrx_word' id='word_1_8' title='bbox 358 465 559 512; x_wconf 90' lang='lat' dir='ltr'>communem</span> <span class='ocrx_word' id='word_1_9' title='bbox 590 447 725 511; x_wconf 74' lang='lat' dir='ltr'>salutun</span> <span class='ocrx_word' id='word_1_10' title='bbox 756 445 1015 511; x_wconf 75' lang='lat' dir='ltr'>committendam</span> <span class='ocrx_word' id='word_1_11' title='bbox 1046 453 1185 529; x_wconf 85' lang='lat' dir='ltr'>censent,</span> 
     </span>
     <span class='ocr_line' id='line_1_3' title="bbox 129 551 1185 637; baseline 0 -21"><span class='ocrx_word' id='word_1_12' title='bbox 129 551 215 636; x_wconf 89' lang='lat' dir='ltr'>quod</span> <span class='ocrx_word' id='word_1_13' title='bbox 236 570 336 637; x_wconf 89' lang='lat' dir='ltr'>paene</span> <span class='ocrx_word' id='word_1_14' title='bbox 358 554 394 616; x_wconf 94' lang='lat' dir='ltr'>in</span> <span class='ocrx_word' id='word_1_15' title='bbox 416 571 468 635; x_wconf 90' lang='lat' dir='ltr'>eo,</span> <span class='ocrx_word' id='word_1_16' title='bbox 495 553 524 617; x_wconf 93' lang='lat' dir='ltr'>si</span> <span class='ocrx_word' id='word_1_17' title='bbox 550 552 583 617; x_wconf 92' lang='lat' dir='ltr'>id</span> <span class='ocrx_word' id='word_1_18' title='bbox 606 552 758 637; x_wconf 91' lang='lat' dir='ltr'>oppidum</span> <span class='ocrx_word' id='word_1_19' title='bbox 783 553 1003 635; x_wconf 80' lang='lat' dir='ltr'>retinuissent,</span> <span class='ocrx_word' id='word_1_20' title='bbox 1029 570 1185 616; x_wconf 88' lang='lat' dir='ltr'>summam</span> 
     </span>
     <span class='ocr_line' id='line_1_4' title="bbox 128 657 701 743; baseline 0.003 -23"><span class='ocrx_word' id='word_1_21' title='bbox 128 657 279 722; x_wconf 87' lang='lat' dir='ltr'>victoriae</span> <span class='ocrx_word' id='word_1_22' title='bbox 301 662 445 722; x_wconf 90' lang='lat' dir='ltr'>constare</span> <span class='ocrx_word' id='word_1_23' title='bbox 467 657 701 743; x_wconf 80' lang='lat' dir='ltr'>intellegebant</span> 
     </span>
    </p>

    <p class='ocr_par' dir='ltr' id='par_1_3' title="bbox 125 761 1322 4022">
     <span class='ocr_line' id='line_1_5' title="bbox 217 761 1239 848; baseline -0.002 -20"><span class='ocrx_word' id='word_1_24' title='bbox 217 761 379 848; x_wconf 79' lang='lat' dir='ltr'>Singulari</span> <span class='ocrx_word' id='word_1_25' title='bbox 408 764 547 827; x_wconf 89' lang='lat' dir='ltr'>militum</span> <span class='ocrx_word' id='word_1_26' title='bbox 573 768 756 829; x_wconf 85' lang='lat' dir='ltr'>nostrorum</span> <span class='ocrx_word' id='word_1_27' title='bbox 782 763 894 828; x_wconf 88' lang='lat' dir='ltr'>virtuti</span> <span class='ocrx_word' id='word_1_28' title='bbox 921 762 1054 827; x_wconf 89' lang='lat' dir='ltr'>consilia</span> <span class='ocrx_word' id='word_1_29' title='bbox 1079 764 1185 828; x_wconf 90' lang='lat' dir='ltr'>ouius-</span> <span class='ocrx_word' id='word_1_30' title='bbox 1202 769 1239 826; x_wconf 71' lang='lat'>22</span> 
     </span>
     <span class='ocr_line' id='line_1_6' title="bbox 130 868 1185 952; baseline -0.002 -18"><span class='ocrx_word' id='word_1_31' title='bbox 130 888 193 952; x_wconf 85' lang='lat' dir='ltr'>quc</span> <span class='ocrx_word' id='word_1_32' title='bbox 220 870 307 934; x_wconf 93' lang='lat' dir='ltr'>modi</span> <span class='ocrx_word' id='word_1_33' title='bbox 335 868 500 934; x_wconf 84' lang='lat' dir='ltr'>Gallorum</span> <span class='ocrx_word' id='word_1_34' title='bbox 527 869 748 952; x_wconf 90' lang='lat' dir='ltr'>occurrebant,</span> <span class='ocrx_word' id='word_1_35' title='bbox 778 873 816 933; x_wconf 91' lang='lat' dir='ltr'>ut</span> <span class='ocrx_word' id='word_1_36' title='bbox 842 874 890 933; x_wconf 92' lang='lat' dir='ltr'>est</span> <span class='ocrx_word' id='word_1_37' title='bbox 916 886 1058 932; x_wconf 86' lang='lat' dir='ltr'>summae</span> <span class='ocrx_word' id='word_1_38' title='bbox 1083 886 1185 952; x_wconf 90' lang='lat' dir='ltr'>genus</span> 
     </span>
     <span class='ocr_line' id='line_1_7' title="bbox 128 974 1186 1060; baseline -0.003 -20"><span class='ocrx_word' id='word_1_39' title='bbox 128 975 285 1041; x_wconf 89' lang='lat' dir='ltr'>sollertiae</span> <span class='ocrx_word' id='word_1_40' title='bbox 309 980 405 1060; x_wconf 91' lang='lat' dir='ltr'>atque</span> <span class='ocrx_word' id='word_1_41' title='bbox 432 976 473 1041; x_wconf 92' lang='lat' dir='ltr'>ad</span> <span class='ocrx_word' id='word_1_42' title='bbox 495 977 603 1040; x_wconf 89' lang='lat' dir='ltr'>omnia</span> <span class='ocrx_word' id='word_1_43' title='bbox 624 976 777 1040; x_wconf 88' lang='lat' dir='ltr'>imitanda</span> <span class='ocrx_word' id='word_1_44' title='bbox 804 979 836 1040; x_wconf 90' lang='lat' dir='ltr'>et</span> <span class='ocrx_word' id='word_1_45' title='bbox 858 974 1035 1058; x_wconf 88' lang='lat' dir='ltr'>efficienda,</span> <span class='ocrx_word' id='word_1_46' title='bbox 1064 992 1186 1058; x_wconf 86' lang='lat' dir='ltr'>qnaaa</span> 
     </span>
     <span class='ocr_line' id='line_1_8' title="bbox 129 1077 1213 1167; baseline 0.002 -21"><span class='ocrx_word' id='word_1_47' title='bbox 129 1099 258 1165; x_wconf 91' lang='lat' dir='ltr'>quoque</span> <span class='ocrx_word' id='word_1_48' title='bbox 289 1083 470 1166; x_wconf 87' lang='lat' dir='ltr'>traduntur,</span> <span class='ocrx_word' id='word_1_49' title='bbox 504 1082 711 1167; x_wconf 89' lang='lat' dir='ltr'>aptissimum.</span> <span class='ocrx_word' id='word_1_50' title='bbox 765 1101 840 1146; x_wconf 90' lang='lat' dir='ltr'>narn</span> <span class='ocrx_word' id='word_1_51' title='bbox 871 1086 903 1146; x_wconf 92' lang='lat' dir='ltr'>et</span> <span class='ocrx_word' id='word_1_52' title='bbox 933 1080 1056 1164; x_wconf 86' lang='lat' dir='ltr'>laqueis</span> <span class='ocrx_word' id='word_1_53' title='bbox 1090 1077 1213 1148; x_wconf 86' lang='lat' dir='ltr'>falcesa</span> 
     </span>
     <span class='ocr_line' id='line_1_9' title="bbox 129 1187 1186 1272; baseline 0 -21"><span class='ocrx_word' id='word_1_54' title='bbox 129 1187 326 1272; x_wconf 87' lang='lat' dir='ltr'>avertebant,</span> <span class='ocrx_word' id='word_1_55' title='bbox 354 1207 432 1272; x_wconf 87' lang='lat' dir='ltr'>quas</span> <span class='ocrx_word' id='word_1_56' title='bbox 460 1207 534 1252; x_wconf 91' lang='lat' dir='ltr'>curn</span> <span class='ocrx_word' id='word_1_57' title='bbox 560 1188 808 1268; x_wconf 87' lang='lat' dir='ltr'>destinaverant,</span> <span class='ocrx_word' id='word_1_58' title='bbox 839 1187 1004 1251; x_wconf 90' lang='lat' dir='ltr'>tormentis</span> <span class='ocrx_word' id='word_1_59' title='bbox 1030 1187 1186 1251; x_wconf 88' lang='lat' dir='ltr'>introrsus</span> 
     </span>
     <span class='ocr_line' id='line_1_10' title="bbox 128 1292 1186 1378; baseline -0.004 -20"><span class='ocrx_word' id='word_1_60' title='bbox 128 1293 337 1376; x_wconf 85' lang='lat' dir='ltr'>reducebant,</span> <span class='ocrx_word' id='word_1_61' title='bbox 360 1298 392 1359; x_wconf 91' lang='lat' dir='ltr'>et</span> <span class='ocrx_word' id='word_1_62' title='bbox 414 1312 561 1378; x_wconf 87' lang='lat' dir='ltr'>aggerem</span> <span class='ocrx_word' id='word_1_63' title='bbox 584 1293 741 1358; x_wconf 90' lang='lat' dir='ltr'>cuniculis</span> <span class='ocrx_word' id='word_1_64' title='bbox 764 1292 1004 1375; x_wconf 85' lang='lat' dir='ltr'>subtrahebant,</span> <span class='ocrx_word' id='word_1_65' title='bbox 1027 1310 1064 1356; x_wconf 90' lang='lat' dir='ltr'>eo</span> <span class='ocrx_word' id='word_1_66' title='bbox 1084 1292 1186 1356; x_wconf 91' lang='lat' dir='ltr'>scien-</span> 
     </span>
     <span class='ocr_line' id='line_1_11' title="bbox 128 1398 1185 1484; baseline -0.001 -20"><span class='ocrx_word' id='word_1_67' title='bbox 128 1400 206 1482; x_wconf 90' lang='lat' dir='ltr'>tius,</span> <span class='ocrx_word' id='word_1_68' title='bbox 233 1399 319 1483; x_wconf 89' lang='lat' dir='ltr'>quod</span> <span class='ocrx_word' id='word_1_69' title='bbox 341 1399 426 1484; x_wconf 90' lang='lat' dir='ltr'>apud</span> <span class='ocrx_word' id='word_1_70' title='bbox 452 1417 506 1464; x_wconf 91' lang='lat' dir='ltr'>eos</span> <span class='ocrx_word' id='word_1_71' title='bbox 532 1417 665 1483; x_wconf 90' lang='lat' dir='ltr'>magnae</span> <span class='ocrx_word' id='word_1_72' title='bbox 692 1402 768 1464; x_wconf 88' lang='lat' dir='ltr'>sunt</span> <span class='ocrx_word' id='word_1_73' title='bbox 793 1398 942 1463; x_wconf 86' lang='lat' dir='ltr'>ferrariae</span> <span class='ocrx_word' id='word_1_74' title='bbox 969 1402 1064 1481; x_wconf 90' lang='lat' dir='ltr'>atque</span> <span class='ocrx_word' id='word_1_75' title='bbox 1091 1416 1185 1463; x_wconf 89' lang='lat' dir='ltr'>omne</span> 
     </span>
     <span class='ocr_line' id='line_1_12' title="bbox 128 1505 1213 1590; baseline 0.002 -20"><span class='ocrx_word' id='word_1_76' title='bbox 128 1524 230 1590; x_wconf 90' lang='lat' dir='ltr'>genus</span> <span class='ocrx_word' id='word_1_77' title='bbox 260 1505 484 1571; x_wconf 88' lang='lat' dir='ltr'>cuniculorum</span> <span class='ocrx_word' id='word_1_78' title='bbox 514 1510 627 1570; x_wconf 91' lang='lat' dir='ltr'>notum</span> <span class='ocrx_word' id='word_1_79' title='bbox 660 1509 754 1587; x_wconf 91' lang='lat' dir='ltr'>atque</span> <span class='ocrx_word' id='word_1_80' title='bbox 790 1505 943 1569; x_wconf 91' lang='lat' dir='ltr'>usitatum</span> <span class='ocrx_word' id='word_1_81' title='bbox 974 1507 1030 1568; x_wconf 90' lang='lat' dir='ltr'>est</span> <span class='ocrx_word' id='word_1_82' title='bbox 1083 1508 1213 1572; x_wconf 86' lang='lat' dir='ltr'>totuma</span> 
     </span>
     <span class='ocr_line' id='line_1_13' title="bbox 129 1609 1322 1695; baseline -0.004 -18"><span class='ocrx_word' id='word_1_83' title='bbox 129 1616 235 1677; x_wconf 86' lang='lat' dir='ltr'>autem</span> <span class='ocrx_word' id='word_1_84' title='bbox 261 1613 390 1675; x_wconf 89' lang='lat' dir='ltr'>murum</span> <span class='ocrx_word' id='word_1_85' title='bbox 420 1629 462 1676; x_wconf 87' lang='lat' dir='ltr'>ex</span> <span class='ocrx_word' id='word_1_86' title='bbox 494 1612 580 1675; x_wconf 91' lang='lat' dir='ltr'>omni</span> <span class='ocrx_word' id='word_1_87' title='bbox 611 1615 701 1695; x_wconf 90' lang='lat' dir='ltr'>parte</span> <span class='ocrx_word' id='word_1_88' title='bbox 733 1609 873 1675; x_wconf 85' lang='lat' dir='ltr'>turribus</span> <span class='ocrx_word' id='word_1_89' title='bbox 904 1609 1186 1676; x_wconf 81' lang='lat' dir='ltr'>contabulaverant</span> <span class='ocrx_word' id='word_1_90' title='bbox 1319 1683 1322 1689; x_wconf 37' lang='grc'>,</span> 
     </span>
     <span class='ocr_line' id='line_1_14' title="bbox 128 1716 1213 1799; baseline 0.002 -18"><span class='ocrx_word' id='word_1_91' title='bbox 128 1720 224 1799; x_wconf 88' lang='lat' dir='ltr'>atque</span> <span class='ocrx_word' id='word_1_92' title='bbox 246 1717 304 1781; x_wconf 93' lang='lat' dir='ltr'>has</span> <span class='ocrx_word' id='word_1_93' title='bbox 326 1718 420 1782; x_wconf 87' lang='lat' dir='ltr'>coriis</span> <span class='ocrx_word' id='word_1_94' title='bbox 443 1717 632 1782; x_wconf 80' lang='lat' dir='ltr'>intererant</span> <span class='ocrx_word' id='word_1_95' title='bbox 677 1721 747 1781; x_wconf 94' lang='lat' dir='ltr'>turn</span> <span class='ocrx_word' id='word_1_96' title='bbox 771 1716 889 1780; x_wconf 89' lang='lat' dir='ltr'>crebris</span> <span class='ocrx_word' id='word_1_97' title='bbox 913 1716 1037 1781; x_wconf 90' lang='lat' dir='ltr'>diurnis</span> <span class='ocrx_word' id='word_1_98' title='bbox 1058 1719 1213 1783; x_wconf 73' lang='lat' dir='ltr'>noctur-a</span> 
     </span>
     <span class='ocr_line' id='line_1_15' title="bbox 128 1821 1186 1907; baseline -0.001 -21"><span class='ocrx_word' id='word_1_99' title='bbox 128 1824 243 1906; x_wconf 86' lang='lat' dir='ltr'>nisque</span> <span class='ocrx_word' id='word_1_100' title='bbox 266 1823 486 1907; x_wconf 90' lang='lat' dir='ltr'>eruptionibus</span> <span class='ocrx_word' id='word_1_101' title='bbox 513 1828 569 1886; x_wconf 90' lang='lat' dir='ltr'>aut</span> <span class='ocrx_word' id='word_1_102' title='bbox 590 1823 697 1907; x_wconf 87' lang='lat' dir='ltr'>aggeri</span> <span class='ocrx_word' id='word_1_103' title='bbox 719 1823 827 1907; x_wconf 88' lang='lat' dir='ltr'>ignem</span> <span class='ocrx_word' id='word_1_104' title='bbox 848 1821 1026 1887; x_wconf 81' lang='lat' dir='ltr'>inferebant</span> <span class='ocrx_word' id='word_1_105' title='bbox 1051 1827 1106 1886; x_wconf 87' lang='lat' dir='ltr'>aut</span> <span class='ocrx_word' id='word_1_106' title='bbox 1127 1822 1186 1885; x_wconf 93' lang='lat' dir='ltr'>mi·</span> 
     </span>
     <span class='ocr_line' id='line_1_16' title="bbox 128 1928 1186 2013; baseline -0.001 -21"><span class='ocrx_word' id='word_1_107' title='bbox 128 1929 200 1993; x_wconf 88' lang='lat' dir='ltr'>lites</span> <span class='ocrx_word' id='word_1_108' title='bbox 223 1933 390 2013; x_wconf 91' lang='lat' dir='ltr'>occupatos</span> <span class='ocrx_word' id='word_1_109' title='bbox 412 1930 448 1993; x_wconf 91' lang='lat' dir='ltr'>in</span> <span class='ocrx_word' id='word_1_110' title='bbox 463 1946 556 2012; x_wconf 86' lang='lat' dir='ltr'>opere</span> <span class='ocrx_word' id='word_1_111' title='bbox 571 1928 795 1992; x_wconf 84' lang='lat' dir='ltr'>adoriebantur</span> <span class='ocrx_word' id='word_1_112' title='bbox 809 1931 842 1993; x_wconf 89' lang='lat' dir='ltr'>ct</span> <span class='ocrx_word' id='word_1_113' title='bbox 855 1932 1035 1992; x_wconf 89' lang='lat' dir='ltr'>nostrarum</span> <span class='ocrx_word' id='word_1_114' title='bbox 1050 1928 1186 1991; x_wconf 88' lang='lat' dir='ltr'>turrium</span> 
     </span>
     <span class='ocr_line' id='line_1_17' title="bbox 128 2034 1185 2117; baseline -0.003 -18"><span class='ocrx_word' id='word_1_115' title='bbox 128 2034 343 2117; x_wconf 85' lang='lat' dir='ltr'>altitudinem,</span> <span class='ocrx_word' id='word_1_116' title='bbox 376 2039 530 2117; x_wconf 90' lang='lat' dir='ltr'>quantum</span> <span class='ocrx_word' id='word_1_117' title='bbox 560 2034 618 2098; x_wconf 87' lang='lat' dir='ltr'>has</span> <span class='ocrx_word' id='word_1_118' title='bbox 649 2034 827 2098; x_wconf 90' lang='lat' dir='ltr'>cotidianus</span> <span class='ocrx_word' id='word_1_119' title='bbox 858 2053 953 2117; x_wconf 90' lang='lat' dir='ltr'>agger</span> <span class='ocrx_word' id='word_1_120' title='bbox 980 2038 1185 2117; x_wconf 79' lang='lat' dir='ltr'>expresserat,</span> 
     </span>
     <span class='ocr_line' id='line_1_18' title="bbox 129 2139 1212 2223; baseline 0.001 -19"><span class='ocrx_word' id='word_1_121' title='bbox 129 2141 305 2206; x_wconf 90' lang='lat' dir='ltr'>commissis</span> <span class='ocrx_word' id='word_1_122' title='bbox 328 2159 459 2204; x_wconf 91' lang='lat' dir='ltr'>suarum</span> <span class='ocrx_word' id='word_1_123' title='bbox 480 2140 618 2204; x_wconf 90' lang='lat' dir='ltr'>turrium</span> <span class='ocrx_word' id='word_1_124' title='bbox 639 2139 731 2204; x_wconf 90' lang='lat' dir='ltr'>malis</span> <span class='ocrx_word' id='word_1_125' title='bbox 754 2139 985 2223; x_wconf 89' lang='lat' dir='ltr'>adaequabant,</span> <span class='ocrx_word' id='word_1_126' title='bbox 1008 2142 1040 2204; x_wconf 91' lang='lat' dir='ltr'>et</span> <span class='ocrx_word' id='word_1_127' title='bbox 1062 2142 1212 2222; x_wconf 83' lang='lat' dir='ltr'>apertoss</span> 
     </span>
     <span class='ocr_line' id='line_1_19' title="bbox 128 2244 1186 2331; baseline -0.003 -21"><span class='ocrx_word' id='word_1_128' title='bbox 128 2247 293 2311; x_wconf 92' lang='lat' dir='ltr'>cuniculos</span> <span class='ocrx_word' id='word_1_129' title='bbox 315 2250 463 2331; x_wconf 88' lang='lat' dir='ltr'>praeusta</span> <span class='ocrx_word' id='word_1_130' title='bbox 484 2251 517 2311; x_wconf 93' lang='lat' dir='ltr'>et</span> <span class='ocrx_word' id='word_1_131' title='bbox 538 2250 708 2329; x_wconf 89' lang='lat' dir='ltr'>praeacuta</span> <span class='ocrx_word' id='word_1_132' title='bbox 728 2246 860 2309; x_wconf 86' lang='lat' dir='ltr'>materia</span> <span class='ocrx_word' id='word_1_133' title='bbox 882 2249 915 2309; x_wconf 92' lang='lat' dir='ltr'>et</span> <span class='ocrx_word' id='word_1_134' title='bbox 935 2245 1005 2329; x_wconf 87' lang='lat' dir='ltr'>pice</span> <span class='ocrx_word' id='word_1_135' title='bbox 1018 2244 1186 2308; x_wconf 88' lang='lat' dir='ltr'>fervefacta</span> 
     </span>
     <span class='ocr_line' id='line_1_20' title="bbox 128 2349 1185 2437; baseline -0.003 -20"><span class='ocrx_word' id='word_1_136' title='bbox 128 2357 160 2417; x_wconf 86' lang='lat' dir='ltr'>ct</span> <span class='ocrx_word' id='word_1_137' title='bbox 180 2353 314 2417; x_wconf 87' lang='lat' dir='ltr'>maximi</span> <span class='ocrx_word' id='word_1_138' title='bbox 335 2352 484 2437; x_wconf 91' lang='lat' dir='ltr'>ponderis</span> <span class='ocrx_word' id='word_1_139' title='bbox 506 2352 592 2416; x_wconf 83' lang='lat' dir='ltr'>saxis</span> <span class='ocrx_word' id='word_1_140' title='bbox 610 2351 815 2416; x_wconf 88' lang='lat' dir='ltr'>morabantur</span> <span class='ocrx_word' id='word_1_141' title='bbox 828 2349 1059 2433; x_wconf 88' lang='lat' dir='ltr'>moenibusque</span> <span class='ocrx_word' id='word_1_142' title='bbox 1074 2349 1185 2435; x_wconf 90' lang='lat' dir='ltr'>adpro-</span> 
     </span>
     <span class='ocr_line' id='line_1_21' title="bbox 127 2453 1236 2543; baseline -0.005 -20"><span class='ocrx_word' id='word_1_143' title='bbox 127 2457 282 2543; x_wconf 88' lang='lat' dir='ltr'>pinquare</span> <span class='ocrx_word' id='word_1_144' title='bbox 297 2453 527 2543; x_wconf 84' lang='lat' dir='ltr'>¹prohibebant</span> <span class='ocrx_word' id='word_1_145' title='bbox 580 2457 668 2520; x_wconf 90' lang='lat' dir='ltr'>Muri</span> <span class='ocrx_word' id='word_1_146' title='bbox 699 2460 806 2521; x_wconf 87' lang='lat' dir='ltr'>autern</span> <span class='ocrx_word' id='word_1_147' title='bbox 837 2474 949 2520; x_wconf 89' lang='lat' dir='ltr'>omnes</span> <span class='ocrx_word' id='word_1_148' title='bbox 980 2454 1093 2520; x_wconf 83' lang='lat' dir='ltr'>Gallici</span> <span class='ocrx_word' id='word_1_149' title='bbox 1124 2455 1182 2518; x_wconf 91' lang='lat' dir='ltr'>hac</span> <span class='ocrx_word' id='word_1_150' title='bbox 1200 2471 1236 2528; x_wconf 74' lang='lat' dir='ltr'>aa</span> 
     </span>
     <span class='ocr_line' id='line_1_22' title="bbox 126 2560 1184 2645; baseline -0.006 -15"><span class='ocrx_word' id='word_1_151' title='bbox 126 2565 193 2630; x_wconf 87' lang='lat' dir='ltr'>fere</span> <span class='ocrx_word' id='word_1_152' title='bbox 214 2564 316 2629; x_wconf 79' lang='lat' dir='ltr'>forma</span> <span class='ocrx_word' id='word_1_153' title='bbox 338 2568 420 2629; x_wconf 88' lang='lat' dir='ltr'>sunt.</span> <span class='ocrx_word' id='word_1_154' title='bbox 465 2562 570 2627; x_wconf 89' lang='lat' dir='ltr'>trabes</span> <span class='ocrx_word' id='word_1_155' title='bbox 593 2561 737 2626; x_wconf 85' lang='lat' dir='ltr'>derectae</span> <span class='ocrx_word' id='word_1_156' title='bbox 758 2567 928 2645; x_wconf 85' lang='lat' dir='ltr'>perpetuas</span> <span class='ocrx_word' id='word_1_157' title='bbox 954 2561 989 2625; x_wconf 93' lang='lat' dir='ltr'>in</span> <span class='ocrx_word' id='word_1_158' title='bbox 1011 2560 1184 2645; x_wconf 87' lang='lat' dir='ltr'>longitudi-</span> 
     </span>
     <span class='ocr_line' id='line_1_23' title="bbox 127 2666 1185 2754; baseline -0.005 -19"><span class='ocrx_word' id='word_1_159' title='bbox 127 2689 203 2735; x_wconf 91' lang='lat' dir='ltr'>nem</span> <span class='ocrx_word' id='word_1_160' title='bbox 224 2668 355 2754; x_wconf 86' lang='lat' dir='ltr'>paribus</span> <span class='ocrx_word' id='word_1_161' title='bbox 376 2669 555 2734; x_wconf 86' lang='lat' dir='ltr'>intervallis</span> <span class='ocrx_word' id='word_1_162' title='bbox 578 2668 730 2732; x_wconf 88' lang='lat' dir='ltr'>distantes</span> <span class='ocrx_word' id='word_1_163' title='bbox 756 2668 839 2733; x_wconf 89' lang='lat' dir='ltr'>inter</span> <span class='ocrx_word' id='word_1_164' title='bbox 860 2687 895 2733; x_wconf 93' lang='lat' dir='ltr'>se</span> <span class='ocrx_word' id='word_1_165' title='bbox 916 2666 1009 2731; x_wconf 89' lang='lat' dir='ltr'>binos</span> <span class='ocrx_word' id='word_1_166' title='bbox 1031 2668 1127 2752; x_wconf 90' lang='lat' dir='ltr'>pedes</span> <span class='ocrx_word' id='word_1_167' title='bbox 1149 2667 1185 2730; x_wconf 94' lang='lat' dir='ltr'>in</span> 
     </span>
     <span class='ocr_line' id='line_1_24' title="bbox 128 2773 1211 2841; baseline 0 -1"><span class='ocrx_word' id='word_1_168' title='bbox 128 2776 196 2840; x_wconf 90' lang='lat' dir='ltr'>solo</span> <span class='ocrx_word' id='word_1_169' title='bbox 228 2775 441 2841; x_wconf 85' lang='lat' dir='ltr'>conlocantur.</span> <span class='ocrx_word' id='word_1_170' title='bbox 496 2775 556 2838; x_wconf 92' lang='lat' dir='ltr'>hae</span> <span class='ocrx_word' id='word_1_171' title='bbox 586 2774 806 2840; x_wconf 87' lang='lat' dir='ltr'>revinciuntur</span> <span class='ocrx_word' id='word_1_172' title='bbox 836 2774 992 2838; x_wconf 90' lang='lat' dir='ltr'>introrsus</span> <span class='ocrx_word' id='word_1_173' title='bbox 1022 2778 1055 2839; x_wconf 91' lang='lat' dir='ltr'>et</span> <span class='ocrx_word' id='word_1_174' title='bbox 1084 2773 1211 2840; x_wconf 77' lang='lat' dir='ltr'>multos</span> 
     </span>
     <span class='ocr_line' id='line_1_25' title="bbox 129 2878 1185 2966; baseline -0.005 -20"><span class='ocrx_word' id='word_1_175' title='bbox 129 2900 244 2966; x_wconf 87' lang='lat' dir='ltr'>aggere</span> <span class='ocrx_word' id='word_1_176' title='bbox 275 2881 468 2963; x_wconf 74' lang='lat' dir='ltr'>vestiuntur,</span> <span class='ocrx_word' id='word_1_177' title='bbox 503 2900 541 2945; x_wconf 89' lang='lat' dir='ltr'>ea</span> <span class='ocrx_word' id='word_1_178' title='bbox 571 2883 690 2964; x_wconf 89' lang='lat' dir='ltr'>autem,</span> <span class='ocrx_word' id='word_1_179' title='bbox 722 2899 804 2964; x_wconf 86' lang='lat' dir='ltr'>quae</span> <span class='ocrx_word' id='word_1_180' title='bbox 835 2880 989 2962; x_wconf 84' lang='lat' dir='ltr'>diximus,</span> <span class='ocrx_word' id='word_1_181' title='bbox 1019 2878 1185 2943; x_wconf 88' lang='lat' dir='ltr'>intervalla</span> 
     </span>
     <span class='ocr_line' id='line_1_26' title="bbox 129 2985 1212 3072; baseline -0.002 -20"><span class='ocrx_word' id='word_1_182' title='bbox 129 2985 303 3072; x_wconf 89' lang='lat' dir='ltr'>grandibus</span> <span class='ocrx_word' id='word_1_183' title='bbox 325 2988 360 3051; x_wconf 92' lang='lat' dir='ltr'>in</span> <span class='ocrx_word' id='word_1_184' title='bbox 381 2986 485 3052; x_wconf 84' lang='lat' dir='ltr'>fronte</span> <span class='ocrx_word' id='word_1_185' title='bbox 507 2987 595 3052; x_wconf 87' lang='lat' dir='ltr'>saxis</span> <span class='ocrx_word' id='word_1_186' title='bbox 618 2987 829 3052; x_wconf 84' lang='lat' dir='ltr'>efferciuntur.</span> <span class='ocrx_word' id='word_1_187' title='bbox 878 2986 928 3050; x_wconf 89' lang='lat' dir='ltr'>his</span> <span class='ocrx_word' id='word_1_188' title='bbox 956 2985 1127 3049; x_wconf 87' lang='lat' dir='ltr'>conlocatis</span> <span class='ocrx_word' id='word_1_189' title='bbox 1154 2990 1212 3050; x_wconf 86' lang='lat' dir='ltr'>eta</span> 
     </span>
     <span class='ocr_line' id='line_1_27' title="bbox 130 3089 1185 3177; baseline -0.006 -19"><span class='ocrx_word' id='word_1_190' title='bbox 130 3093 354 3177; x_wconf 87' lang='lat' dir='ltr'>coagmentatis</span> <span class='ocrx_word' id='word_1_191' title='bbox 385 3092 467 3158; x_wconf 89' lang='lat' dir='ltr'>alius</span> <span class='ocrx_word' id='word_1_192' title='bbox 497 3093 628 3177; x_wconf 89' lang='lat' dir='ltr'>insuper</span> <span class='ocrx_word' id='word_1_193' title='bbox 655 3093 732 3157; x_wconf 93' lang='lat' dir='ltr'>ordo</span> <span class='ocrx_word' id='word_1_194' title='bbox 761 3092 900 3175; x_wconf 90' lang='lat' dir='ltr'>additur,</span> <span class='ocrx_word' id='word_1_195' title='bbox 931 3094 968 3154; x_wconf 92' lang='lat' dir='ltr'>ut</span> <span class='ocrx_word' id='word_1_196' title='bbox 994 3091 1080 3154; x_wconf 91' lang='lat' dir='ltr'>idem</span> <span class='ocrx_word' id='word_1_197' title='bbox 1105 3089 1185 3152; x_wconf 90' lang='lat' dir='ltr'>illud</span> 
     </span>
     <span class='ocr_line' id='line_1_28' title="bbox 130 3195 1187 3281; baseline -0.002 -19"><span class='ocrx_word' id='word_1_198' title='bbox 130 3198 332 3265; x_wconf 89' lang='lat' dir='ltr'>intervallum</span> <span class='ocrx_word' id='word_1_199' title='bbox 355 3201 499 3263; x_wconf 89' lang='lat' dir='ltr'>servetur</span> <span class='ocrx_word' id='word_1_200' title='bbox 512 3215 619 3280; x_wconf 87' lang='lat' dir='ltr'>nequa</span> <span class='ocrx_word' id='word_1_201' title='bbox 641 3199 725 3262; x_wconf 87' lang='lat' dir='ltr'>inter</span> <span class='ocrx_word' id='word_1_202' title='bbox 739 3216 774 3263; x_wconf 88' lang='lat' dir='ltr'>se</span> <span class='ocrx_word' id='word_1_203' title='bbox 789 3197 974 3281; x_wconf 87' lang='lat' dir='ltr'>contingant</span> <span class='ocrx_word' id='word_1_204' title='bbox 995 3195 1109 3278; x_wconf 88' lang='lat' dir='ltr'>trabes,</span> <span class='ocrx_word' id='word_1_205' title='bbox 1130 3195 1187 3260; x_wconf 87' lang='lat' dir='ltr'>sed</span> 
     </span>
     <span class='ocr_line' id='line_1_29' title="bbox 129 3301 1187 3389; baseline -0.004 -21"><span class='ocrx_word' id='word_1_206' title='bbox 129 3303 260 3389; x_wconf 87' lang='lat' dir='ltr'>paribus</span> <span class='ocrx_word' id='word_1_207' title='bbox 285 3304 475 3368; x_wconf 85' lang='lat' dir='ltr'>intermissis</span> <span class='ocrx_word' id='word_1_208' title='bbox 506 3303 615 3388; x_wconf 91' lang='lat' dir='ltr'>spatiis</span> <span class='ocrx_word' id='word_1_209' title='bbox 642 3303 786 3386; x_wconf 86' lang='lat' dir='ltr'>singulae</span> <span class='ocrx_word' id='word_1_210' title='bbox 813 3302 947 3386; x_wconf 90' lang='lat' dir='ltr'>singulis</span> <span class='ocrx_word' id='word_1_211' title='bbox 973 3302 1060 3365; x_wconf 86' lang='lat' dir='ltr'>saxis</span> <span class='ocrx_word' id='word_1_212' title='bbox 1090 3301 1187 3365; x_wconf 87' lang='lat' dir='ltr'>inter-</span> 
     </span>
     <span class='ocr_line' id='line_1_30' title="bbox 130 3407 1214 3491; baseline 0 -17"><span class='ocrx_word' id='word_1_213' title='bbox 130 3409 221 3476; x_wconf 86' lang='lat' dir='ltr'>iectis</span> <span class='ocrx_word' id='word_1_214' title='bbox 243 3413 311 3474; x_wconf 88' lang='lat' dir='ltr'>arte</span> <span class='ocrx_word' id='word_1_215' title='bbox 334 3410 563 3474; x_wconf 89' lang='lat' dir='ltr'>contineantur.</span> <span class='ocrx_word' id='word_1_216' title='bbox 608 3408 656 3473; x_wconf 90' lang='lat' dir='ltr'>sic</span> <span class='ocrx_word' id='word_1_217' title='bbox 671 3408 819 3491; x_wconf 90' lang='lat' dir='ltr'>deinceps</span> <span class='ocrx_word' id='word_1_218' title='bbox 835 3427 928 3472; x_wconf 90' lang='lat' dir='ltr'>omne</span> <span class='ocrx_word' id='word_1_219' title='bbox 951 3426 1030 3490; x_wconf 92' lang='lat' dir='ltr'>opus</span> <span class='ocrx_word' id='word_1_220' title='bbox 1045 3407 1214 3474; x_wconf 74' lang='lat' dir='ltr'>contexi-r</span> 
     </span>
     <span class='ocr_line' id='line_1_31' title="bbox 130 3512 1214 3598; baseline 0 -18"><span class='ocrx_word' id='word_1_221' title='bbox 130 3519 197 3598; x_wconf 89' lang='lat' dir='ltr'>tur,</span> <span class='ocrx_word' id='word_1_222' title='bbox 219 3516 298 3579; x_wconf 92' lang='lat' dir='ltr'>durn</span> <span class='ocrx_word' id='word_1_223' title='bbox 319 3516 403 3579; x_wconf 91' lang='lat' dir='ltr'>insta</span> <span class='ocrx_word' id='word_1_224' title='bbox 424 3515 509 3579; x_wconf 91' lang='lat' dir='ltr'>muri</span> <span class='ocrx_word' id='word_1_225' title='bbox 530 3513 665 3578; x_wconf 88' lang='lat' dir='ltr'>altitudo</span> <span class='ocrx_word' id='word_1_226' title='bbox 689 3513 862 3597; x_wconf 85' lang='lat' dir='ltr'>expleatur.</span> <span class='ocrx_word' id='word_1_227' title='bbox 899 3513 1048 3577; x_wconf 89' lang='lat' dir='ltr'>boccum</span> <span class='ocrx_word' id='word_1_228' title='bbox 1069 3512 1104 3575; x_wconf 93' lang='lat' dir='ltr'>in</span> <span class='ocrx_word' id='word_1_229' title='bbox 1119 3530 1214 3596; x_wconf 82' lang='lat' dir='ltr'>spe-s</span> 
     </span>
     <span class='ocr_line' id='line_1_32' title="bbox 131 3617 1189 3704; baseline -0.004 -18"><span class='ocrx_word' id='word_1_230' title='bbox 131 3622 214 3687; x_wconf 88' lang='lat' dir='ltr'>ciem</span> <span class='ocrx_word' id='word_1_231' title='bbox 235 3621 484 3704; x_wconf 88' lang='lat' dir='ltr'>varietatemque</span> <span class='ocrx_word' id='word_1_232' title='bbox 506 3639 586 3704; x_wconf 93' lang='lat' dir='ltr'>opus</span> <span class='ocrx_word' id='word_1_233' title='bbox 601 3618 741 3684; x_wconf 89' lang='lat' dir='ltr'>deforme</span> <span class='ocrx_word' id='word_1_234' title='bbox 760 3637 825 3683; x_wconf 92' lang='lat' dir='ltr'>non</span> <span class='ocrx_word' id='word_1_235' title='bbox 840 3622 889 3683; x_wconf 89' lang='lat' dir='ltr'>cst</span> <span class='ocrx_word' id='word_1_236' title='bbox 902 3618 1032 3683; x_wconf 90' lang='lat' dir='ltr'>alternis</span> <span class='ocrx_word' id='word_1_237' title='bbox 1047 3617 1189 3682; x_wconf 89' lang='lat' dir='ltr'>trabibus</span> 
     </span>
     <span class='ocr_line' id='line_1_33' title="bbox 131 3723 1189 3810; baseline -0.005 -18"><span class='ocrx_word' id='word_1_238' title='bbox 131 3746 169 3792; x_wconf 92' lang='lat' dir='ltr'>ac</span> <span class='ocrx_word' id='word_1_239' title='bbox 190 3728 291 3810; x_wconf 86' lang='lat' dir='ltr'>saxis,</span> <span class='ocrx_word' id='word_1_240' title='bbox 313 3745 396 3809; x_wconf 88' lang='lat' dir='ltr'>quae</span> <span class='ocrx_word' id='word_1_241' title='bbox 417 3727 513 3791; x_wconf 91' lang='lat' dir='ltr'>rectis</span> <span class='ocrx_word' id='word_1_242' title='bbox 534 3725 629 3791; x_wconf 91' lang='lat' dir='ltr'>lincis</span> <span class='ocrx_word' id='word_1_243' title='bbox 651 3744 727 3790; x_wconf 91' lang='lat' dir='ltr'>suos</span> <span class='ocrx_word' id='word_1_244' title='bbox 750 3725 877 3789; x_wconf 91' lang='lat' dir='ltr'>ordines</span> <span class='ocrx_word' id='word_1_245' title='bbox 895 3729 1035 3808; x_wconf 89' lang='lat' dir='ltr'>servant,</span> <span class='ocrx_word' id='word_1_246' title='bbox 1057 3728 1126 3787; x_wconf 88' lang='lat' dir='ltr'>turn</span> <span class='ocrx_word' id='word_1_247' title='bbox 1148 3723 1189 3788; x_wconf 88' lang='lat' dir='ltr'>ad</span> 
     </span>
     <span class='ocr_line' id='line_1_34' title="bbox 131 3830 1189 3914; baseline -0.004 -16"><span class='ocrx_word' id='word_1_248' title='bbox 131 3833 302 3898; x_wconf 85' lang='lat' dir='ltr'>utilitatem</span> <span class='ocrx_word' id='word_1_249' title='bbox 324 3837 357 3898; x_wconf 86' lang='lat' dir='ltr'>et</span> <span class='ocrx_word' id='word_1_250' title='bbox 379 3832 596 3898; x_wconf 85' lang='lat' dir='ltr'>defensionem</span> <span class='ocrx_word' id='word_1_251' title='bbox 618 3831 748 3896; x_wconf 91' lang='lat' dir='ltr'>urbium</span> <span class='ocrx_word' id='word_1_252' title='bbox 770 3849 927 3896; x_wconf 87' lang='lat' dir='ltr'>summam</span> <span class='ocrx_word' id='word_1_253' title='bbox 945 3830 1040 3895; x_wconf 88' lang='lat' dir='ltr'>habet</span> <span class='ocrx_word' id='word_1_254' title='bbox 1062 3833 1189 3914; x_wconf 87' lang='lat' dir='ltr'>opertu·</span> 
     </span>
     <span class='ocr_line' id='line_1_35' title="bbox 125 3930 1191 4022; baseline -0.007 -17"><span class='ocrx_word' id='word_1_255' title='bbox 125 3930 277 4022; x_wconf 83' lang='lat' dir='ltr'>nitatem,</span> <span class='ocrx_word' id='word_1_256' title='bbox 301 3938 387 4022; x_wconf 91' lang='lat' dir='ltr'>quod</span> <span class='ocrx_word' id='word_1_257' title='bbox 409 3941 443 4003; x_wconf 92' lang='lat' dir='ltr'>et</span> <span class='ocrx_word' id='word_1_258' title='bbox 463 3938 503 4002; x_wconf 90' lang='lat' dir='ltr'>ab</span> <span class='ocrx_word' id='word_1_259' title='bbox 525 3937 674 4003; x_wconf 90' lang='lat' dir='ltr'>incendio</span> <span class='ocrx_word' id='word_1_260' title='bbox 701 3937 782 4021; x_wconf 87' lang='lat' dir='ltr'>lapis</span> <span class='ocrx_word' id='word_1_261' title='bbox 809 3941 842 4002; x_wconf 92' lang='lat' dir='ltr'>et</span> <span class='ocrx_word' id='word_1_262' title='bbox 867 3935 906 4000; x_wconf 90' lang='lat' dir='ltr'>ab</span> <span class='ocrx_word' id='word_1_263' title='bbox 935 3936 1032 4000; x_wconf 89' lang='lat' dir='ltr'>ariete</span> <span class='ocrx_word' id='word_1_264' title='bbox 1058 3936 1191 4000; x_wconf 89' lang='lat' dir='ltr'>materia</span> 
     </span>
    </p>
   </div>
   <div class='ocr_carea' id='block_1_3' title="bbox 0 0 1379 4424">
    <p class='ocr_par' dir='ltr' id='par_1_4' title="bbox 0 0 1379 4424">
     <span class='ocr_line' id='line_1_36' title="bbox 0 0 1379 4424; baseline 0 0"><span class='ocrx_word' id='word_1_265' title='bbox 0 0 1379 4424; x_wconf 95' lang='lat' dir='ltr'> </span> 
     </span>
    </p>
   </div>
  </div>
 </body>
</html>
