2738 4424
441 260 547 315 LIBER
564 259 626 314 VII.
645 259 722 315 OAP.
740 259 862 313 43-47.
1119 242 1180 304 155

126 421 329 487 simulatione
355 422 489 487 collibus
516 421 708 486 circumvehi
734 419 831 484 iubet
876 420 926 483 bis
950 438 1068 502 paucos
1095 418 1209 488 addita

127 529 262 612 equiteS,
294 528 350 610 qui
378 528 472 592 latius
504 527 723 593 ostentationis
754 544 849 590 causa
879 529 1041 607 vagentur.
1086 525 1182 608 longo

127 634 263 698 circuitu
286 632 411 698 easdem
431 653 541 698 omnes
559 632 649 697 iubet
665 638 772 716 petere
789 632 941 715 regiones.
980 631 1057 694 haec
1070 629 1209 713 procula

128 759 171 805 ex
198 739 312 824 oppido
340 739 542 822 videbantur,
573 743 610 802 ut
635 742 701 803 erat
727 757 746 801 a
773 736 930 821 Gergovia
956 737 1122 820 despectus
1148 736 1184 798 in

127 850 240 928 castra,
262 864 368 928 neque
387 850 473 910 tanto
492 845 607 929 spatio,
630 845 707 909 certi
727 842 805 926 quid
829 848 924 926 esset,
947 842 1106 926 explorari
1127 859 1183 924 po·

127 955 217 1016 terat.
253 951 412 1035 legionem
434 951 476 1015 X.
500 950 611 1015 eodem
632 950 704 1015 luce
724 950 822 1013 mittit
841 954 872 1013 et
890 948 1023 1032 paulum
1040 965 1210 1032 progress

128 1077 196 1122 sam
219 1057 368 1122 inferiore
395 1057 559 1121 constituit
584 1056 655 1121 loco
683 1056 835 1138 silvisque
863 1055 1005 1119 occultat
1051 1058 1210 1138 augetura

129 1161 227 1227 Gallis
254 1164 405 1247 suspicio,
432 1169 526 1246 atque
553 1181 663 1227 omnes
685 1162 740 1225 illc
769 1161 809 1224 ad
836 1162 1046 1225 munitionem
1074 1161 1184 1243 copiae

111 1268 345 1333 traducuntur.
398 1288 500 1332 vacua
531 1274 632 1331 castra
665 1268 804 1331 hostium
836 1266 951 1332 Caesar
984 1267 1210 1350 conspicatusa

128 1375 219 1439 tectis
245 1374 426 1458 insignibus
452 1393 582 1438 suorum
609 1374 838 1458 occultatisque
855 1374 966 1458 signis
993 1372 1184 1438 militaribus

127 1500 214 1545 raros
236 1481 365 1563 milites,
387 1499 428 1545 ne
451 1498 492 1544 ex
515 1480 630 1564 oppido
653 1480 994 1563 animadverterentur,
1022 1498 1064 1544 ex
1085 1480 1184 1543 maio·

126 1585 216 1650 ribus
239 1586 350 1650 castris
371 1586 407 1648 in
429 1586 553 1649 minora
575 1586 713 1651 traducit
734 1586 922 1670 legatisque,
948 1605 1029 1670 quos
1051 1586 1211 1670 singulise

127 1691 305 1774 legionibus
319 1693 524 1775 praefecerat,
547 1692 625 1775 quid
642 1691 713 1756 fieri
731 1693 820 1776 velit,
844 1692 995 1773 ostendit3
1019 1693 1055 1756 in
1073 1692 1185 1776 primis

127 1801 247 1879 monet,
268 1802 305 1861 ut
327 1798 512 1862 contineant
533 1798 661 1882 milites,
683 1816 725 1861 ne
748 1799 853 1862 studio
871 1797 1034 1882 pugnandi
1058 1803 1113 1861 aut
1130 1816 1186 1882 spe

127 1901 261 1986 praedae
281 1903 408 1986 longius
430 1904 686 1988 progrediantur3
712 1904 789 1987 quid
811 1904 964 1985 iniquitas
986 1904 1050 1967 loci
1072 1903 1210 1972 babeate

127 2008 329 2092 incommodi,
345 2010 505 2093 proponit,
525 2009 586 2073 hoc
602 2028 668 2073 una
683 2009 842 2072 celeritate
857 2027 949 2093 posse
964 2010 1072 2088 vitari,
1096 2027 1185 2073 occa·

128 2114 227 2178 sionis
249 2132 318 2180 esse
340 2133 421 2197 rem,
449 2133 515 2177 non
537 2115 656 2198 proelii.
693 2114 744 2178 his
765 2114 861 2179 rebus
885 2116 1036 2198 expositis
1057 2116 1184 2197 signum
1198 2139 1225 2182 ro

129 2220 183 2285 dat
205 2224 237 2285 et
258 2219 298 2283 ab
322 2219 433 2286 dextra
454 2224 542 2303 parte
564 2221 625 2284 alio
648 2240 782 2286 ascensu
804 2221 916 2285 eodem
938 2226 1079 2304 tempore
1101 2219 1185 2284 Hae-

128 2326 209 2390 duos
230 2327 336 2390 mittit.
373 2325 487 2391 Murus
506 2327 614 2411 oppidi
631 2327 794 2412 aplanitie
812 2333 907 2409 atque
924 2327 1016 2391 initio
1036 2345 1185 2391 ascensus
1202 2341 1238 2398 46

128 2437 214 2497 16611
235 2434 377 2517 regione,
406 2433 436 2497 si
457 2433 567 2497 nullus
587 2432 746 2497 anfractus
765 2433 985 2514 intercederet,
1008 2431 1093 2498 Moe
1114 2451 1185 2515 pas·

129 2558 183 2603 sus
206 2539 326 2620 aberat;
351 2538 507 2622 quicquid
528 2540 592 2603 huc
611 2540 761 2603 circuitus
782 2539 822 2602 ad
841 2539 1050 2604 molliendum
1066 2539 1211 2606 clivuma

129 2649 314 2729 accesserat,
336 2645 369 2708 id
390 2645 527 2728 spatium
544 2646 669 2710 itineris
689 2645 832 2729 augebat
871 2645 1009 2710 emedio
1024 2645 1089 2710 fere
1105 2645 1212 2712 colles

128 2751 163 2813 in
185 2750 430 2835 longitudinem,
457 2756 494 2815 ut
514 2757 630 2815 natrma
651 2753 768 2816 montis
789 2752 922 2834 ferebat,
948 2771 990 2817 ex
1012 2752 1186 2836 grandibus

129 2857 215 2919 saxis
229 2857 277 2919 VI
291 2857 409 2939 pedum
430 2877 572 2940 murum,
596 2858 654 2939 qui
675 2863 857 2922 nostrorum
871 2859 1024 2942 impetum
1039 2859 1185 2942 tardaret,

128 2961 363 3045 praeduxerant
385 2960 468 3025 Galli
495 2968 590 3045 atque
611 2964 759 3030 inferiore
782 2965 870 3029 omni
891 2966 991 3048 spatio
1012 2983 1115 3028 vacuo
1137 2980 1186 3027 re-

128 3067 204 3130 licto
231 3068 426 3149 superiorem
452 3073 574 3151 partem
601 3069 692 3134 collis
724 3089 825 3152 usque
857 3071 898 3134 ad
923 3090 1052 3134 murum
1080 3069 1186 3153 oppidi

130 3172 325 3236 densissimis
348 3173 458 3236 castris
477 3175 719 3257 compleverant
757 3177 874 3241 milites
898 3176 970 3240 dato
993 3177 1083 3259 signo
1106 3177 1212 3240 cele-a

129 3278 206 3341 riter
228 3277 269 3340 ad
290 3279 500 3342 munitionem
514 3281 707 3363 perveniunt
728 3299 862 3363 eamque
884 3282 1072 3365 transgressi
1094 3283 1186 3346 trinis

129 3383 242 3448 castris
263 3385 441 3467 potiuntur,
465 3403 502 3448 ac
523 3389 611 3448 tanta
631 3385 692 3449 fuit
712 3387 748 3449 in
767 3387 876 3450 castris
894 3387 1055 3470 capiendis
1077 3389 1212 3452 celeri-s

130 3495 192 3572 tas,
223 3493 261 3552 ut
285 3489 502 3573 Teutomatus,
532 3508 592 3554 rex
618 3490 852 3575 Nitiobrogum,
884 3492 990 3556 subito
1021 3494 1057 3558 in
1084 3494 1187 3559 taber·

130 3595 245 3660 naculo
261 3613 441 3680 oppressus,
462 3600 500 3659 ut
514 3596 647 3661 meridie
662 3598 900 3682 conquieverat,
923 3600 1085 3682 superiore
1099 3604 1187 3684 parte

130 3702 270 3785 corporis
296 3700 384 3764 nuda
410 3701 574 3766 vulnerato
602 3722 685 3785 equo
713 3704 771 3767 vix
797 3723 831 3768 se
859 3723 901 3768 61
926 3705 1075 3772 manibus
1098 3724 1188 3790 prae-

130 3808 276 3872 dantium
303 3807 441 3872 militum
469 3807 613 3891 eriperet
659 3807 854 3875 Consecutus
884 3811 932 3894 id,
965 3811 1051 3893 quod
1081 3813 1187 3876 animo
1203 3821 1239 3877 41

130 3916 349 3999 proposuerat,
381 3910 495 3978 Caesar
516 3916 657 3999 receptui
684 3917 756 3979 cani
781 3916 886 4000 iussit,
917 3917 1114 4002 legionisque
1137 3917 1188 4002 X,
