2738 4424
178 195 242 265 186
572 211 836 269 emmenum

178 372 412 457 cognovissent,
444 373 541 440 duces
568 373 808 439 Bellovacorum
835 373 929 438 veriti
959 373 1096 439 similem
1125 370 1232 438 obses·

177 476 299 542 sionem
320 478 447 544 Alesiae
474 484 571 545 noctu
594 480 756 545 dimittunt
778 497 845 562 eos,
872 496 952 562 quos
974 483 1030 543 aut
1052 481 1155 543 aetate
1177 480 1233 542 aut

177 582 300 648 viribus
327 583 490 649 inferiores
518 591 573 650 aut
598 585 736 651 memes
759 583 927 667 habebant,
953 601 1080 666 unaque
1107 583 1232 667 reliqua

150 688 409 773 simpedimenta
448 709 583 773 querum
601 690 819 775 perturbatum
840 694 874 755 et
894 689 1061 754 confusum
1079 688 1158 753 dum
1176 707 1232 755 ex·

176 794 297 880 plicant
314 813 440 881 agmen,
464 830 506 842 -
530 815 645 881 magna
663 796 749 861 enim
770 795 938 861 multitudo
957 814 1118 860 carrorum
1136 795 1233 862 etiam

178 900 342 984 expeditos
365 901 456 985 sequi
472 899 579 966 Gallos
601 902 779 985 consuevit,
802 939 845 950 —
869 902 1010 986 oppressi
1031 901 1103 967 luce
1126 901 1233 987 copias

177 1011 370 1072 armatorum
397 1027 453 1092 pro
481 1008 547 1072 suis
574 1008 736 1072 instruunt
762 1007 885 1089 castris
912 1025 952 1072 ne
979 1007 1069 1092 prius
1095 1005 1232 1073 Romani

176 1114 324 1196 persequi
346 1131 381 1179 se
403 1113 591 1198 inciperent,
618 1132 714 1196 quam
736 1113 863 1197 longius
888 1131 1003 1197 agmen
1024 1113 1233 1197 impedimen·

149 1221 283 1287 storum
309 1237 441 1283 suorum
467 1219 678 1302 processisset
723 1220 757 1283 at
778 1215 892 1282 Caesar
917 1235 1022 1300 neque
1048 1218 1232 1284 resistentes

177 1322 409 1407 adgrediendos
435 1327 521 1388 tanto
554 1323 642 1388 collis
673 1341 806 1388 ascensu
832 1322 1004 1406 iudicabat,
1035 1341 1139 1407 neque
1166 1343 1233 1390 non

177 1446 279 1511 usque
306 1447 344 1492 eo
371 1428 513 1512 legiones
535 1428 760 1512 admovendas,
787 1433 823 1492 ut
845 1428 1006 1495 discedere
1033 1447 1074 1494 ex
1101 1448 1138 1495 eo
1161 1431 1231 1495 loco

177 1533 246 1598 sine
272 1533 412 1617 periculo
444 1533 569 1598 barbari
596 1533 748 1598 militibus
779 1533 970 1599 instantibus
1001 1553 1067 1599 non
1095 1541 1232 1620 possent

149 1637 234 1721 rita,
262 1657 336 1702 cum
362 1638 477 1723 palude
504 1639 655 1723 impedita
678 1659 697 1703 a
719 1640 829 1705 castris
851 1645 952 1704 castra
979 1639 1081 1705 dividi
1104 1641 1232 1727 videret,

178 1763 259 1826 quae
281 1744 466 1810 transeundi
488 1743 656 1810 difficultas
679 1745 870 1810 celeritatem
897 1746 1087 1828 insequendi
1109 1747 1233 1812 tardare

176 1856 293 1936 posset,
325 1855 420 1935 atque
445 1850 480 1914 id
506 1850 630 1936 iugum,
663 1851 748 1932 qued
775 1854 861 1915 trans
888 1851 1036 1935 paludem
1062 1870 1162 1936 paene
1189 1853 1231 1917 ad

176 1957 316 2022 hostium
338 1961 441 2022 castra
461 1956 644 2042 pertineret,
670 1955 821 2020 mediocri
843 1957 924 2021 valle
946 1977 966 2022 a
987 1958 1098 2023 castris
1120 1975 1230 2023 eorum

175 2063 359 2127 intercisum
383 2063 659 2146 animadverteret,
685 2061 835 2146 pontibus
860 2063 977 2147 palude
1003 2067 1161 2129 constrata
1187 2065 1232 2129 le-

175 2169 286 2252 giones
318 2167 453 2234 traducit
483 2168 689 2252 celeriterque
720 2168 755 2232 in
781 2187 938 2233 summam
969 2169 1132 2255 planitiem
1162 2170 1232 2254 iugi

175 2275 332 2359 pervenit,
356 2292 437 2358 quae
456 2274 570 2339 declivi
592 2273 717 2358 lastigie
741 2273 865 2339 duobus
884 2274 923 2339 ab
940 2275 1091 2340 lateribus
1108 2277 1231 2340 munie-

150 2379 277 2450 sbatur.
321 2379 369 2444 ibi
395 2379 574 2464 legionibus
601 2380 763 2444 instructis
790 2379 830 2444 ad
857 2380 1006 2445 ultimum
1026 2382 1138 2465 iugum
1159 2398 1230 2464 per·

176 2487 263 2549 venit
289 2487 454 2569 aciemque
478 2505 515 2551 eo
538 2486 606 2550 loco
635 2486 812 2569 constituit,
843 2486 929 2551 unde
956 2489 1109 2550 tormento
1132 2486 1229 2550 missa

124 2608 159 2664 15
177 2591 239 2655 tela
272 2592 306 2654 in
337 2592 475 2656 hostium
509 2609 627 2656 cuneos
661 2591 740 2656 coici
772 2596 908 2677 possent
956 2590 1087 2655 Barbari
1117 2589 1231 2657 confisi

178 2696 240 2760 leci
255 2700 380 2778 natura,
402 2716 476 2759 cum
492 2697 641 2762 dimicare
656 2716 721 2763 non
736 2700 930 2782 recusarent,
952 2697 980 2762 si
1001 2697 1080 2763 forte
1094 2696 1229 2764 Romani

178 2801 285 2866 subire
308 2802 421 2865 collem
442 2807 646 2887 conarentur,
672 2803 888 2888 paulatimque
914 2802 1021 2888 copias
1048 2802 1230 2869 distributas

179 2907 335 2972 dimittere
365 2925 431 2971 nen
462 2907 627 2991 auderent,
659 2927 699 2972 ne
731 2909 864 2994 dispersi
895 2907 1163 2995 perturbarentur,
1196 2909 1230 2974 in

152 3015 245 3082 aacie
262 3019 512 3098 permanserunt
547 3032 684 3096 quorum
702 3015 876 3098 pertinacia
893 3016 1018 3100 cognita
1035 3013 1150 3080 Caesar
1162 3014 1232 3080 XX

179 3120 360 3186 cohortibus
373 3120 535 3185 instructis
548 3119 722 3203 castrisque
736 3140 773 3187 eo
786 3121 857 3185 loco
871 3123 996 3186 metatis
1009 3121 1130 3185 muniri
1141 3121 1232 3186 iubet

151 3233 287 3295 scaena
321 3226 472 3290 absolutis
488 3225 634 3310 operibus
649 3245 706 3311 pre
721 3226 804 3290 vallo
818 3226 959 3310 leglenes
973 3228 1142 3293 msuucas
1156 3246 1232 3292 con-

152 3332 274 3415 alocat,
297 3332 419 3415 equites
432 3330 562 3395 sternatis
578 3331 671 3414 aquis
693 3332 728 3394 in
742 3332 930 3396 stationibus
946 3331 1092 3416 disponit
1127 3332 1231 3399 Bello·

179 3438 258 3521 voci,
273 3456 347 3503 cum
358 3436 516 3501 Romanos
531 3435 571 3499 ad
586 3436 819 3518 insequendum
833 3442 958 3521 paratos
971 3437 1115 3502 viderent
1128 3457 1232 3523 neque

179 3551 362 3628 pernectare
385 3546 442 3605 aut
456 3541 575 3604 diutius
590 3559 774 3625 permanere
792 3543 859 3606 sine
877 3542 1016 3627 periculo
1035 3543 1146 3609 eodem
1161 3544 1231 3608 leco

153 3675 167 3718 c
180 3656 318 3733 possent,
339 3648 401 3711 tale
416 3647 585 3711 consilium
603 3648 654 3712 sui
668 3646 841 3730 recipiendi
859 3652 1016 3732 ceperunt
1049 3647 1149 3714 fasces
1164 3647 1232 3734 [ubi

180 3754 399 3836 consederant,
420 3770 559 3834 namque
580 3753 616 3817 in
637 3753 706 3817 acie
728 3752 837 3818 sedere
860 3752 966 3818 Gallos
990 3772 1158 3820 consuesse
1179 3773 1233 3818 su·

180 3858 357 3944 perioribus
379 3858 613 3922 commentariis
636 3857 827 3921 declaratum
850 3862 910 3941 est,
931 3875 989 3942 per
1007 3860 1132 3945 manus]
1155 3864 1234 3926 stra·
