2738 4424
462 875 499 942 0.
521 875 641 942 IULH
664 874 886 942 CAESARIS

399 1018 608 1094 BELLI
649 1017 941 1096 GALLIOI

540 1175 806 1231 manaremus.

235 1355 337 1421 Gallia
355 1359 403 1420 est
421 1355 524 1418 omnis
543 1355 645 1418 divisa
666 1355 701 1418 in
717 1359 822 1438 partes
845 1359 922 1434 tres;
948 1373 1082 1437 quarum
1105 1372 1202 1418 unam
1219 1363 1238 1419 1

144 1463 289 1526 incolunt
320 1461 449 1545 Belgae,
486 1461 580 1524 aliam
611 1460 779 1543 Aquitani,
816 1461 940 1526 tertiam
975 1461 1030 1543 qui
1061 1460 1203 1543 ipsorum

144 1569 255 1651 lingua
277 1567 394 1648 Celtae,
416 1571 524 1630 nostra
543 1566 626 1631 Galli
648 1567 853 1650 appellantur.
894 1567 928 1630 hi
951 1585 1061 1641 omnes
1083 1567 1230 1649 linguar

145 1675 309 1756 institutiS,
331 1673 455 1756 legibus
477 1673 560 1737 inter
583 1692 616 1737 se
640 1673 796 1737 differunt
840 1672 946 1737 Gallos
969 1673 1008 1736 ab
1032 1673 1202 1755 Aquitanis

147 1780 308 1844 Garumna
334 1777 466 1861 flumen,
499 1798 518 1841 a
544 1779 652 1862 Belgis
678 1777 824 1842 Matrona
851 1783 883 1843 et
905 1777 1054 1860 Sequana
1080 1778 1201 1842 dividit

146 1887 260 1949 horum
287 1886 430 1948 omnium
451 1884 613 1948 fortissimi
636 1888 710 1949 srmt
732 1885 862 1969 Belgae,
888 1890 1053 1968 propterea
1076 1883 1162 1967 quod
1184 1900 1228 1947 aa

146 1992 235 2055 cultu
261 1995 355 2072 atque
378 1990 574 2054 humanitate
596 1991 778 2073 provinciae
800 1991 984 2073 longissime
1007 1990 1123 2054 absunt
1143 1989 1202 2052 mi-

146 2100 295 2180 nimeque
327 2097 367 2160 ad
398 2115 452 2160 eos
478 2100 669 2160 mercatores
700 2114 793 2179 saepe
825 2102 1003 2160 commeant
1033 2100 1129 2178 atque
1156 2113 1202 2178 ea,

148 2223 228 2287 quae
252 2203 292 2266 ad
314 2202 540 2267 effeminandos
563 2202 684 2266 animos
706 2203 876 2286 pertinent,
903 2203 1074 2285 important
1095 2200 1231 2285 proxi-r

147 2311 254 2392 mique
281 2313 356 2373 sunt
379 2307 557 2393 Germanis,
585 2309 641 2390 qui
668 2312 755 2372 trans
777 2308 925 2373 Rhenum
952 2309 1106 2392 incolunt,
1134 2307 1203 2390 qui-

146 2417 281 2480 buscum
309 2416 508 2479 continenter
535 2414 656 2478 bellum
678 2418 801 2496 gerunt
848 2434 912 2497 qua
939 2415 979 2479 de
1008 2434 1105 2480 causa
1126 2414 1203 2479 Hel-

147 2522 223 2586 vetii
242 2539 369 2603 quoque
387 2520 526 2602 reliquos
546 2520 652 2585 Gallos
671 2522 786 2585 virtute
803 2521 1009 2604 praecedunt,
1033 2521 1119 2604 quod
1139 2521 1204 2586 fere

148 2627 314 2692 cotidianis
344 2626 473 2710 proeliis
504 2645 577 2689 oum
610 2626 775 2691 Germanis
806 2627 1014 2712 contendunt,
1047 2645 1120 2690 cum
1151 2632 1205 2690 aut

149 2735 214 2799 suis
249 2732 369 2797 finibus
403 2751 457 2796 eos
493 2731 661 2814 prohibent
697 2737 752 2797 aut
785 2734 846 2816 ipsi
879 2734 913 2797 in
945 2752 1055 2798 eorum
1088 2733 1205 2797 finibus

148 2840 268 2904 bellum
295 2842 417 2921 gerunt
464 2836 586 2922 [eorum
613 2857 784 2922 unapars,
813 2859 907 2921 quam
932 2839 1037 2903 Gallos
1064 2840 1233 2903 obtineres

150 2946 352 3025 dictumest,
379 2944 508 3006 initium
534 2944 617 3026 capit
644 2942 815 3009 aflumine
837 2945 1004 3028 Rhodano,
1028 2946 1207 3009 continetur

151 3049 312 3113 Garumna
343 3047 487 3134 flumine,
526 3048 665 3134 Oceano,
705 3049 823 3114 finibus
858 3051 1042 3134 Belgarum,
1083 3050 1208 3133 attingit

150 3157 247 3220 etiam
274 3154 312 3217 ab
340 3153 495 3236 Sequanis
527 3161 558 3219 et
584 3155 741 3220 Helvetiis
768 3154 887 3220 flumen
914 3156 1074 3239 Rhenum,
1106 3156 1209 3239 vergit

151 3260 192 3324 ad
228 3261 466 3343 septentriones.
519 3261 636 3344 Belgae
673 3262 711 3324 ab
749 3263 899 3326 extremis
936 3262 1056 3326 Galliae
1091 3261 1235 3325 finibuse

151 3367 311 3448 oriuntur,
338 3367 498 3447 pertinent
522 3367 562 3429 ad
584 3367 767 3431 inferiorem
789 3373 910 3450 partem
932 3366 1074 3431 fluminis
1096 3366 1208 3451 Rheni,

153 3475 295 3555 spectant
321 3472 356 3533 in
383 3472 626 3554 septentrionem
653 3478 685 3537 et
708 3474 862 3537 orientem
884 3474 991 3538 solem.
1036 3474 1236 3557 Aquitaniar

154 3597 173 3640 a
201 3576 361 3640 Garmnna
392 3576 523 3641 ilmnine
555 3579 595 3642 ad
622 3578 805 3660 Pyrenaeos
835 3584 958 3644 montes
986 3584 1017 3644 et
1044 3599 1113 3644 eam
1140 3600 1210 3664 par-

155 3689 219 3747 tem
252 3682 380 3766 Oceani,
414 3701 494 3764 quae
527 3688 575 3747 est
605 3685 645 3748 ad
676 3684 877 3770 Hispaniam,
909 3687 1058 3771 pertinet,
1093 3690 1211 3770 spectat

155 3791 237 3852 inter
261 3809 406 3852 occasum
428 3789 502 3853 solis
526 3794 558 3853 et
580 3791 828 3877 septentriones]

200 3908 289 3962 casn,
304 3909 329 3954 c.
345 3909 400 3953 eur.
1037 3898 1052 3953 t
