2738 4424
214 271 275 337 134
605 284 710 340 BELLI
727 283 870 341 efflei

182 446 395 530 robtestatur,
427 450 464 510 ut
493 447 528 510 in
560 445 623 510 fide
648 451 805 511 maneant
849 446 993 512 celeriter
1024 445 1086 511 sibi
1117 443 1270 529 Senones,

210 552 360 635 Parisios,
392 551 553 634 Pictones,
581 550 751 636 Cadurcos,
777 552 932 636 Turonos,
960 552 1130 634 Aulercos,
1156 550 1270 616 Lemo·

209 660 309 741 vices,
331 658 442 723 Andos
465 657 666 742 reliquosque
690 676 810 741 omnes,
834 659 891 742 qui
914 656 1076 723 Oceanum
1099 657 1270 742 attingunt,

183 764 368 850 radiungit3
402 752 545 828 omnium
571 782 727 829 consensu
756 765 796 828 ad
824 783 898 828 eum
925 765 1065 829 defertur
1089 765 1269 849 imperium.

211 889 275 953 qua
298 869 402 934 oblata
423 874 575 953 potestate
599 869 746 934 omnibus
773 870 822 934 his
849 870 1031 935 civitatibus
1058 869 1183 936 obsides
1210 871 1270 933 im-

210 980 312 1060 perat,
344 981 466 1041 certum
491 993 661 1039 numerum
688 975 825 1040 militum
854 976 893 1040 ad
921 994 955 1041 se
982 976 1126 1042 celeriter
1152 975 1270 1041 adduci

183 1082 311 1166 sinbet,
335 1101 494 1145 armorum
518 1087 672 1163 quantum
696 1099 841 1165 quaeque
867 1083 980 1147 civitas
1003 1083 1090 1146 domi
1118 1083 1270 1166 quodque

184 1211 198 1256 1
213 1193 285 1253 ante
308 1192 433 1271 tempus
451 1186 578 1270 efficiat,
601 1188 778 1270 constituit,
802 1188 838 1250 in
856 1188 967 1272 primis
983 1189 1138 1272 equitatui
1156 1187 1269 1253 studet

212 1312 354 1358 summae
386 1293 567 1378 diligentiae
598 1313 756 1357 summam
781 1294 907 1378 imperii
937 1296 1138 1360 severitatem
1167 1293 1269 1375 addit3

172 1422 200 1467 11
213 1399 431 1483 magnitudine
453 1399 600 1482 supplicii
622 1399 803 1464 dubitantes
826 1401 917 1484 cogit
959 1420 1034 1464 nam
1049 1401 1169 1465 maiore
1185 1417 1271 1463 com-

212 1506 309 1569 misso
333 1504 446 1569 delicto
470 1505 538 1588 igni
561 1509 656 1589 atque
680 1505 827 1570 omnibus
843 1508 1009 1570 tormentis
1023 1511 1129 1587 necat,
1150 1505 1271 1570 leviore

214 1611 253 1675 de
276 1628 371 1674 eausa
393 1610 523 1674 auribus
546 1611 681 1675 desectis
703 1616 758 1674 aut
780 1612 915 1695 singulis
939 1611 1060 1676 effossis
1088 1611 1188 1688 oculis
1215 1610 1271 1675 do-

212 1736 301 1780 mum
323 1717 467 1800 remittit,
489 1722 527 1781 ut
549 1716 614 1781 sint
635 1716 768 1799 reliquis
791 1717 981 1782 documento
1005 1722 1036 1783 et
1052 1717 1271 1802 magnitudine

178 1834 333 1907 tpoenae
355 1826 550 1906 perterreant
577 1822 664 1886 alios.
714 1821 774 1886 His
802 1823 965 1907 suppliciis
992 1823 1135 1888 celeriter
1161 1828 1271 1887 coacto

214 1929 358 1994 exercitu
383 1927 566 1993 Lucterium
593 1928 786 2012 Cadurcum,
819 1948 961 1993 summae
987 1929 1149 1993 hominem
1177 1927 1272 1992 auda-

214 2035 294 2118 ciae,
316 2053 390 2098 curn
411 2038 501 2117 parte
523 2036 687 2117 copiarum
708 2035 743 2098 in
765 2034 907 2099 Rutenos
929 2035 1039 2115 mittit,
1068 2035 1135 2119 ipse
1159 2033 1272 2098 11Βί-

186 2140 334 2223 aturiges
356 2139 574 2224 proficiscitur.
621 2141 689 2204 eius
711 2141 852 2206 adventu
874 2141 1034 2225 Bituriges
1057 2139 1097 2203 ad
1112 2139 1273 2221 Haeduos,

215 2265 351 2328 quorum
373 2250 464 2309 erant
484 2246 520 2308 in
540 2245 617 2328 fide,
638 2247 759 2329 legatos
778 2247 910 2310 mittunt
925 2247 1103 2311 subsidium
1118 2251 1273 2328 rogatum,

186 2370 279 2434 aquo
301 2351 425 2415 facilius
447 2352 585 2416 hostium
609 2353 713 2435 copias
736 2353 891 2417 sustinere
905 2353 1037 2435 possint
1080 2350 1208 2415 Haedui
1232 2350 1273 2413 de

214 2457 345 2521 oonsilio
368 2457 555 2540 legatorum,
584 2477 664 2540 quos
687 2456 802 2523 Caesar
824 2458 865 2522 ad
888 2459 1065 2523 exercitum
1091 2456 1272 2539 reliquerat,

215 2563 320 2646 copias
343 2563 503 2643 equitatus
524 2563 746 2647 peditatusque
762 2563 903 2628 subsidio
918 2563 1117 2646 Biturigibus
1131 2562 1271 2625 mittunt.

187 2668 272 2750 equi
295 2687 368 2730 cum
390 2667 429 2731 ad
451 2667 572 2733 flumen
589 2668 728 2752 Ligerim
750 2670 923 2751 venissent,
947 2669 1033 2751 quod
1047 2667 1208 2750 Bituriges
1231 2666 1271 2731 ab

215 2773 357 2838 Haeduis
389 2772 512 2857 dividit,
545 2793 663 2857 paucos
696 2774 763 2838 dies
793 2773 840 2838 ibi
869 2776 984 2838 morati
1015 2793 1120 2856 neque
1151 2772 1272 2837 flumen

188 2897 202 2941 a
217 2880 350 2944 transire
374 2880 443 2943 ausi
466 2879 596 2943 domum
614 2886 818 2945 revertuntur
832 2880 1007 2964 legatisque
1022 2880 1139 2945 nostris
1154 2897 1272 2944 renun-

215 2987 296 3050 tiant
317 3004 351 3051 11
373 2985 555 3069 Biturigum
576 2984 740 3068 perfidiam
762 2986 881 3050 veritos
895 2987 1075 3068 revertisse,
1099 2984 1217 3069 quibus
1239 2983 1273 3048 id

216 3092 342 3157 consilii
362 3091 459 3157 fuisse
482 3092 700 3175 cognoverint,
722 3097 772 3175 ut,
794 3093 821 3157 si
843 3092 963 3156 flumen
985 3093 1185 3173 transissent,
1207 3109 1273 3154 una

188 3214 259 3262 aex
280 3202 368 3281 parte
391 3198 464 3282 ipsi,
487 3197 584 3262 altera
606 3197 745 3262 Arverni
767 3215 801 3262 se
824 3199 1100 3263 circumsisterent
1136 3198 1171 3261 id
1194 3215 1272 3261 eane

218 3304 257 3369 de
280 3323 388 3388 causa,
411 3323 507 3387 quam
529 3303 641 3388 legatis
662 3305 912 3388 pronuntiarint,
935 3322 977 3368 11
990 3302 1122 3386 perfidia
1144 3302 1273 3367 adducti

217 3409 361 3491 fecerint,
385 3410 470 3490 quod
492 3409 573 3473 nihil
594 3410 688 3474 nobis
711 3415 846 3492 constat,
868 3428 935 3474 non
957 3408 1084 3474 videtur
1106 3427 1163 3492 pro
1187 3412 1272 3473 certo

190 3531 287 3580 resse
308 3515 501 3599 ponendum.
546 3515 705 3598 Bituriges
720 3534 831 3580 eorum
850 3515 991 3580 discessu
1012 3515 1119 3579 statim
1142 3533 1176 3579 se
1199 3533 1274 3578 cum

218 3620 372 3685 Arvernis
394 3621 600 3703 coniungunt.

178 3734 203 3790 1
307 3725 368 3789 Η11
389 3726 485 3790 rebus
507 3727 543 3790 in
564 3726 688 3790 Italiam
711 3723 837 3790 Caesari
851 3727 1017 3810 nuntiatis,
1039 3744 1113 3790 cum
1134 3726 1198 3788 iam
1219 3723 1274 3788 ille

220 3829 358 3895 urbanas
379 3849 431 3896 res
453 3832 569 3897 virtute
594 3830 648 3895 Cn.
670 3830 803 3915 Pompei
825 3831 1070 3896 commodiorem
1095 3830 1131 3893 in
1157 3833 1274 3894 statum

218 3939 403 4018 pervenisse
424 3937 633 4020 intellegeret,
655 3937 690 3999 in
703 3936 939 4020 Transalpinam
962 3935 1096 4000 Galliam
1116 3934 1276 4020 profectus
