2738 4424
488 243 597 299 LIBER
613 244 676 299 IlIL
696 244 771 301 GAP.
791 245 871 301 1-5.
1165 229 1207 294 65

149 399 211 467 bus
234 402 393 487 expellere
415 423 481 469 non
502 406 692 488 potuissent,
714 410 819 471 tamen
847 406 1016 491 vectigales
1038 405 1099 472 sibi
1124 406 1208 474 tece-

149 513 227 573 runt
249 528 286 573 ac
307 510 408 575 multo
430 509 615 576 humiliores
636 510 890 594 infirmioresque
912 512 1109 597 redegerunt

237 613 276 678 In
300 616 410 681 eadem
432 635 529 682 causa
555 616 686 682 fuerunt
712 615 859 703 Usipetes
885 622 917 683 et
942 618 1100 702 Tencteri,
1128 626 1242 703 quost

149 739 245 804 supra
266 721 421 804 diximus3
445 722 502 804 qui
525 722 703 806 complures
721 741 821 787 annos
837 722 1016 788 Sueborum
1031 724 1098 788 rim
1112 725 1207 790 susti·

148 831 299 911 nuerunt,
332 827 373 891 ad
405 831 584 892 extremum
615 832 722 893 tamen
756 829 840 913 egris
872 829 996 913 expulsi
1032 834 1064 894 et
1097 830 1233 897 multisa

148 931 226 997 locis
254 930 441 998 Germaniae
468 933 644 997 triennium
674 934 780 1017 vagati
810 933 851 998 ad
881 934 1027 1001 Rhenum
1054 955 1207 1020 pervene-

147 1042 234 1121 runt,
258 1058 337 1122 quas
359 1039 506 1123 regiones
528 1039 669 1129 Menapii
691 1039 879 1105 incolebant
924 1041 958 1105 hi
980 1041 1020 1104 od
1037 1045 1205 1127 utramque

147 1145 248 1228 ripam
278 1143 419 1209 fluminis
450 1163 555 1229 agros,
587 1143 730 1210 aedificia
761 1145 913 1229 vicosque
944 1146 1116 1228 habebant3
1148 1149 1232 1215 sedo

147 1254 251 1315 tantae
282 1250 496 1317 multitudinis
529 1250 667 1314 adventu
698 1251 856 1335 perterriti
891 1270 934 1317 ex
969 1252 1009 1318 iis
1044 1252 1204 1339 aedificiis,

147 1373 229 1439 quae
252 1361 338 1422 trans
360 1355 482 1421 flumen
504 1355 692 1439 habuerant,
721 1357 974 1441 demigraverant
1000 1362 1033 1424 et
1054 1360 1099 1424 cis
1121 1359 1204 1426 Rhe-

145 1482 225 1527 num
248 1462 406 1547 dispositis
432 1462 597 1546 praesidiis
625 1461 799 1528 Germanos
825 1464 960 1529 transire
986 1464 1203 1549 prohibebant.

144 1569 193 1632 illi
225 1569 332 1633 omnia
366 1569 501 1652 experti,
536 1586 612 1633 cum
644 1586 751 1650 neque
787 1569 821 1633 vi
852 1569 1042 1635 contendere
1075 1577 1230 1656 proptera

144 1676 284 1759 inopiam
315 1675 447 1738 narium
478 1691 585 1758 neque
616 1673 698 1738 clam
730 1675 864 1739 transire
890 1680 1017 1759 propter
1044 1676 1202 1744 custodiae

143 1780 363 1865 Menapiorum
389 1784 531 1863 possent,
557 1779 674 1844 reverti
700 1796 735 1844 se
761 1780 796 1843 in
823 1799 897 1844 suas
923 1781 1014 1847 sedes
1040 1784 1202 1868 regiones·

144 1907 207 1971 que
228 1886 460 1951 simulaverunt
486 1890 519 1950 et
539 1885 637 1949 tridui
662 1885 748 1948 viam
774 1888 931 1970 progressi
958 1907 1069 1952 rursus
1095 1908 1226 1955 rever-s

142 1998 250 2058 terunt
275 1996 371 2075 atque
397 1992 486 2057 omni
512 1992 573 2057 hoe
598 1993 711 2058 itinere
743 2011 809 2056 una
833 1998 928 2058 nocte
955 1995 1099 2076 equitatu
1125 2014 1200 2060 con·

141 2099 224 2164 fecto
251 2099 369 2162 inscios
396 2098 660 2183 inopinantesque
687 2098 852 2183 Menapios
880 2104 1115 2184 oppresserunt,
1143 2103 1225 2185 quio

142 2205 181 2270 de
205 2205 436 2270 Germanorum
459 2203 601 2268 discessu
627 2222 684 2287 per
707 2204 922 2288 exploratores
949 2205 1098 2271 certiores
1124 2206 1199 2273 tacti

141 2313 210 2377 sine
240 2314 329 2374 metu
360 2313 447 2374 hans
473 2308 622 2374 Rhenum
653 2310 688 2373 in
716 2328 792 2374 suos
823 2310 911 2374 vicos
941 2311 1197 2395 remigraverunt

139 2418 190 2482 his
221 2416 395 2481 interfectis
426 2414 626 2499 navibusque
663 2433 772 2479 eorum
810 2417 981 2500 occupatis,
1011 2417 1224 2501 priusquamr

138 2543 177 2589 ea
206 2542 280 2608 pars
305 2521 541 2605 Menapiorum,
573 2540 655 2604 quae
687 2522 767 2585 citra
792 2520 941 2586 Rhenum
972 2527 1051 2605 erat,
1083 2525 1198 2590 certior

139 2630 241 2714 fieret,
272 2627 394 2692 flumen
424 2627 623 2692 transierunt
653 2631 747 2710 atque
778 2627 926 2692 omnibus
953 2645 1063 2693 eorum
1090 2629 1197 2694 aedifi·

139 2737 198 2801 ciis
230 2733 390 2818 occupatis
420 2733 723 2817 reliquampartem
754 2733 869 2797 hiemis
899 2751 933 2799 se
960 2751 1070 2799 eorum
1088 2738 1196 2828 copiis

138 2843 294 2908 aluerunt
568 2893 572 2906 .

227 2946 288 3012 His
315 2946 354 3012 de
381 2945 477 3010 rebus
505 2943 620 3010 Caesar
646 2946 762 3009 certior
788 2944 890 3010 factus
922 2950 954 3010 et
979 2945 1230 3016 infirmitatcmtt

140 3054 304 3120 Gallorum
318 3053 452 3134 veritus,
476 3051 562 3135 quod
577 3054 653 3114 sunt
673 3051 709 3114 in
724 3051 864 3115 consiliis
879 3051 1039 3134 capiendis
1061 3053 1195 3119 mobiles

138 3165 172 3225 et
192 3158 284 3223 novis
298 3157 485 3241 plerumque
499 3157 595 3221 rebus
610 3156 751 3237 student,
773 3156 854 3219 nihil
868 3156 917 3219 his
932 3158 1195 3224 committendum

137 3264 340 3331 existimavit
385 3265 433 3327 est
454 3263 541 3327 enim
563 3261 624 3325 hoc
647 3260 785 3326 Gallicae
808 3261 1060 3345 consuetudinis,
1087 3265 1136 3327 uti
1162 3269 1221 3330 eta

138 3374 275 3436 viatores
298 3368 393 3432 ctiam
414 3368 531 3432 invitos
558 3367 729 3432 consistere
756 3370 871 3449 cogant
892 3370 934 3451 et,
958 3367 1035 3450 quid
1059 3370 1193 3453 quisque

137 3496 248 3545 eorum
273 3476 312 3540 de
336 3492 515 3556 quoquere
534 3472 670 3536 audierit
692 3476 747 3535 aut
769 3473 964 3556 cognoverit,
987 3480 1141 3555 quaerant
1162 3481 1195 3542 et

138 3588 330 3650 mercatores
354 3581 390 3645 in
412 3579 534 3663 oppidis
556 3577 672 3662 vulgus
695 3579 916 3660 circumsistat,
944 3579 1124 3664 quibusque
1152 3603 1194 3648 ex

138 3688 322 3776 regionibus
348 3685 478 3752 veniant
499 3701 642 3767 quasque
663 3683 709 3746 ibi
730 3702 781 3748 res
808 3687 1026 3769 cognoverint,
1052 3708 1193 3772 pronun·

139 3800 217 3862 tiara
249 3797 348 3880 cogat
402 3791 451 3856 his
482 3790 577 3855 rebus
613 3793 708 3871 atque
740 3790 955 3855 auditionibus
987 3795 1121 3876 permoti
1153 3795 1219 3861 dee

137 3902 273 3969 summis
295 3917 388 3983 saepe
406 3896 503 3963 rebus
518 3895 650 3961 consilia
663 3896 790 3979 ineunt,
813 3914 949 3978 quorum
964 3917 1019 3963 eos
1041 3899 1074 3962 in
1097 3903 1193 3966 vesti·

183 4022 273 4076 oum,
286 4021 313 4066 B.
327 4017 384 4064 cdl.
1017 4021 1034 4075 5
