2738 4424
199 236 263 300 202
595 213 860 309 numeramur

199 431 271 476 cum
293 412 445 476 iudicaret
464 412 504 477 ab
522 414 606 479 iusto
626 416 715 479 nasci
729 415 856 498 timore,
873 414 1001 479 veniam
1020 413 1141 498 potenti
1161 410 1257 496 dedit,

200 518 324 582 obsides
347 521 473 601 accepit

159 647 185 689 ro
288 624 359 689 Scio
388 622 551 690 Gaesarem
583 626 780 710 singulorum
810 645 966 690 annorum
997 625 1141 708 singulos
1171 643 1257 688 oom-

198 732 368 793 mentarios
390 732 575 813 confecisse;
601 733 686 816 quod
709 750 768 816 ego
791 752 856 797 non
880 731 1062 797 existimavi
1082 731 1163 794 milri
1185 749 1255 795 esse

198 836 392 916 iaciendum,
425 845 588 920 propterea
619 838 705 920 quod
736 839 908 921 insequens
940 857 1056 919 annus,
1082 835 1116 900 L
1143 835 1254 918 Paulo,

200 940 231 1005 0.
259 942 408 1007 Marcello
436 944 632 1023 oonsulibus,
664 943 768 1007 nullas
795 963 847 1008 res
875 943 994 1008 Galliae
1021 942 1115 1008 habet
1138 959 1253 1026 magno

159 1073 185 1115 11
199 1068 293 1133 opere
314 1057 426 1133 gestas.
472 1050 607 1132 nequis
635 1054 741 1114 tamen
769 1049 943 1133 ignoraret,
971 1049 1089 1132 quibus
1115 1050 1151 1113 in
1175 1048 1253 1112 locis

150 1196 155 1206 -
200 1154 314 1220 Caesar
336 1156 559 1238 exercitusque
581 1175 619 1220 eo
642 1161 780 1239 tempore
801 1156 948 1238 fuissent,
970 1175 1073 1240 pauca
1096 1173 1164 1221 esso
1178 1154 1254 1220 scri-

199 1261 303 1326 benda
325 1263 610 1345 coniungendaque
633 1261 707 1325 huic
729 1261 957 1327 commentario
981 1262 1085 1326 statui

145 1382 181 1437 lt
288 1366 402 1432 Caesar
425 1369 460 1431 in
482 1368 593 1449 Belgio
617 1387 690 1431 cum
713 1368 880 1450 hiemaret,
906 1386 1008 1432 unum
1034 1368 1117 1432 illud
1142 1386 1256 1453 propo-

199 1474 294 1536 situm
317 1473 464 1555 habebat,
487 1475 649 1538 continere
672 1475 706 1536 in
729 1475 867 1537 amicitia
882 1474 1039 1557 civitates,
1061 1474 1144 1538 nulli
1166 1492 1256 1557 spem

171 1584 254 1643 aaut
284 1598 413 1642 causam
444 1579 519 1644 dare
550 1598 719 1643 armorum.
768 1580 849 1643 nihil
881 1581 969 1644 enim
994 1582 1102 1645 minus
1128 1579 1256 1644 volebat

199 1704 295 1767 quam
317 1684 377 1748 sub
401 1685 564 1750 decessum
587 1704 682 1749 suum
708 1686 927 1750 necessitatem
949 1685 1012 1751 sibi
1034 1686 1174 1768 aliquam
1195 1685 1255 1749 im·

197 1791 275 1875 poni
298 1790 372 1856 belli
395 1792 539 1875 gerendi,
560 1809 616 1874 ne,
644 1811 718 1855 cum
741 1793 919 1856 exercitum
941 1792 1136 1856 deducturus
1163 1795 1255 1872 esset,

197 1897 317 1961 bellum
339 1897 469 1980 aliquod
492 1897 738 1981 relinqueretur,
761 1898 846 1979 quod
870 1899 972 1962 omnis
995 1898 1097 1962 Gallia
1117 1895 1256 1960 libenter

170 2004 266 2068 asine
288 2004 446 2086 praesenti
468 2005 608 2087 periculo
631 2004 813 2088 susciperet
857 2004 965 2086 itaque
986 2001 1160 2068 honorifice
1175 2002 1254 2066 civi·
1319 2000 1322 2006 ’

195 2114 275 2175 tates
303 2109 502 2194 appellando,
528 2111 690 2193 principes
716 2109 865 2174 maximis
891 2109 1040 2193 praemiis
1066 2107 1254 2191 adficiendo,

195 2216 285 2279 nulla
307 2235 403 2281 onera
424 2234 509 2279 nova
530 2216 728 2298 iniungendo
751 2216 906 2280 defessam
932 2219 979 2279 tot
1000 2214 1140 2278 adversis
1162 2232 1254 2297 proo-

195 2322 247 2386 liis
280 2322 414 2385 Galliam
447 2322 634 2386 condicione
665 2322 797 2405 parendi
827 2320 958 2385 meliore
988 2320 1080 2384 facile
1111 2320 1146 2382 in
1176 2337 1254 2404 paco

196 2429 361 2493 continuit

140 2547 179 2604 so
284 2533 356 2617 Ipse
378 2532 519 2598 hibernis
545 2533 682 2617 peractis
709 2539 818 2597 contra
840 2531 1104 2597 consuetudinem
1129 2532 1165 2595 in
1189 2531 1263 2604 Ita,

195 2639 273 2702 liam
295 2657 391 2720 quam
413 2640 560 2703 maximis
582 2638 749 2704 itineribus
771 2642 820 2703 est
833 2638 1005 2720 profectus,
1028 2642 1065 2702 ut
1078 2637 1254 2722 municipia

197 2751 229 2810 et
251 2744 390 2809 colonias
412 2743 595 2829 appellaret,
619 2744 734 2827 quibus
757 2743 798 2807 M.
821 2745 968 2826 Antonii,
992 2743 1170 2826 quaestoris
1192 2744 1253 2828 sui,

169 2850 471 2916 acommendaverat
496 2850 663 2914 sacerdotii
688 2850 881 2933 petitionem.
931 2850 1141 2915 contendebat
1167 2850 1253 2913 enim

161 2969 165 2978 '
196 2958 297 3042 gratia
318 2975 392 3021 cum
407 2955 541 3019 libenter
559 2975 615 3038 pro
630 2956 761 3019 homine
783 2955 844 3019 sibi
859 2955 1133 3040 coniunctissimo,
1156 2975 1253 3038 quem

195 3065 291 3149 paulo
314 3069 386 3128 ante
408 3063 612 3145 praemiserat
634 3061 894 3146 adpetitionem,
916 3066 985 3125 tum
1007 3063 1121 3127 acriter
1143 3068 1253 3126 contra

195 3171 365 3235 factionem
397 3173 429 3234 et
455 3169 628 3252 potentiam
658 3187 842 3252 paucorum,
875 3169 931 3250 qui
961 3168 1096 3232 Antonii
1126 3167 1253 3250 repulsa

169 3276 340 3342 aansaris
367 3274 548 3340 decedentis
575 3274 708 3360 gratiam
735 3274 912 3339 convellere
945 3273 1122 3358 cupiebant
1166 3274 1253 3338 huno

196 3383 255 3448 etsi
283 3400 436 3466 augurem
463 3382 551 3464 prius
577 3382 707 3464 factum,
735 3399 832 3463 quam
857 3379 983 3445 Italiam
1009 3379 1190 3464 attingeret,
1216 3379 1253 3444 in

196 3491 309 3554 itinere
336 3488 493 3570 audierat,
524 3492 631 3551 tamen
657 3505 724 3551 non
752 3486 859 3552 minus
889 3488 1006 3551 iustam
1037 3486 1097 3550 sibi
1125 3504 1253 3550 causam

195 3595 369 3677 municipia
391 3597 424 3658 et
445 3593 585 3656 colonias
608 3592 746 3656 adeundi
773 3592 980 3676 existimavit,
1007 3596 1044 3656 ut
1069 3591 1110 3657 iis
1137 3591 1252 3676 gratias

196 3705 315 3786 ageret,
348 3699 434 3783 quod
464 3698 674 3780 frequentiam
700 3702 796 3780 atque
824 3697 965 3762 officium
991 3717 1086 3761 sunm
1112 3697 1253 3761 Antonio

168 3807 435 3889 rpraestitissent,
462 3804 624 3885 simulque
647 3822 681 3868 se
704 3808 737 3868 ct
758 3803 909 3868 honorem
936 3823 1031 3868 suum
1056 3803 1254 3885 insequentis

196 3911 274 3974 anni
305 3910 541 3975 commendaret
571 3910 736 3994 petitione,
769 3915 935 3994 propterea
967 3911 1053 3993 quod
1079 3909 1255 3976 insolenter
