2738 4424
472 253 579 310 LIBER
595 254 659 312 IIII.
678 255 753 311 cnP.
772 256 895 312 25-30.
1166 244 1206 309 77

238 412 301 480 His
322 413 419 480 rebus
436 433 513 499 pace
531 415 716 480 confirmata
734 423 805 501 post
823 418 907 482 diem
927 422 1088 503 quartum,
1112 440 1207 504 quam
1225 425 1261 483 28

150 525 199 587 est
219 521 255 586 in
277 520 475 585 Britanniam
493 526 638 607 ventum,
661 543 759 588 naves
773 523 901 606 XVIII,
924 523 964 588 de
980 525 1097 606 quibus
1112 547 1208 612 supra

89 678 92 685 .
150 627 401 693 demonstratum
424 631 484 711 est,
509 647 590 710 quae
613 629 737 710 equites
760 629 965 714 sustulerant,
989 648 1031 695 ex
1046 635 1207 716 superiore

148 740 244 820 portu
269 733 335 798 leni
361 736 457 798 vento
484 734 658 799 solverunt
709 755 790 818 quae
817 755 891 800 cum
918 736 1234 822 adpropinquarenta

148 836 337 905 Britanniae
360 843 392 903 et
413 857 456 904 ex
470 841 582 904 castis
597 840 792 925 viderentur,
815 847 904 905 tanta
918 846 1086 926 tempestas
1101 844 1206 910 subito

148 951 256 1011 coorta
277 949 337 1028 est,
358 945 499 1011 utnulla
514 964 623 1010 earum
646 966 777 1010 cursum
791 951 899 1012 tenere
913 953 1031 1032 posset,
1054 949 1111 1014 sed
1126 951 1207 1017 allae

148 1052 274 1135 eodem,
296 1051 383 1116 unde
406 1055 496 1115 erant
521 1051 692 1135 profectae,
718 1051 924 1136 referrentur,
952 1053 1032 1119 aliae
1059 1056 1101 1120 ad
1127 1057 1207 1123 lnio-

147 1159 265 1223 riorem
291 1162 413 1242 partem
439 1157 578 1238 Insulae,
605 1175 687 1240 quae
715 1162 764 1222 est
788 1159 919 1242 propius
946 1159 1022 1225 solis
1050 1180 1205 1248 occasum,

146 1284 263 1349 magno
286 1283 344 1329 suo
368 1282 442 1327 cum
463 1262 603 1347 periculo
627 1263 839 1346 deicerentur3
863 1284 945 1347 quae
959 1269 1066 1330 tamen
1081 1270 1232 1335 ancorise

146 1371 237 1435 iactIs
253 1390 327 1435 cum
341 1368 493 1434 fluctibus
508 1368 754 1454 complerentur,
768 1371 946 1435 necessario
965 1371 1098 1438 adversa
1111 1381 1204 1442 nocte

144 1478 181 1542 in
204 1477 305 1542 altum
327 1480 494 1561 provectae
518 1476 731 1540 continentem
754 1477 921 1560 petierunt
966 1477 1088 1544 Eadem
1110 1486 1203 1547 nocte
1220 1496 1257 1554 ao

145 1584 272 1666 accidit,
300 1586 337 1646 ut
362 1586 446 1646 esset
470 1581 547 1644 luna
574 1581 679 1665 plena,
712 1583 768 1664 qui
795 1582 863 1648 dies
890 1585 1064 1650 maritimos
1096 1592 1203 1654 aestus

144 1690 302 1754 maximos
323 1689 360 1752 in
381 1685 506 1751 Oceano
530 1685 654 1753 efficere
673 1690 852 1773 consuent,
874 1691 1057 1773 nostrisque
1079 1693 1114 1757 id
1136 1699 1204 1759 erat

144 1797 350 1881 incognitum
394 1794 439 1858 ita
469 1813 534 1858 uno
562 1799 702 1878 tempore
735 1800 767 1860 et
792 1795 904 1880 longas
930 1816 1042 1881 naves,
1074 1797 1228 1882 [quibust

144 1900 259 1968 Caesar
281 1901 457 1968 exercitum
476 1900 753 1983 transportandum
767 1901 960 1986 curaverat]
985 1922 1064 1984 quas
1087 1902 1202 1970 Caesar

142 2009 178 2074 in
192 2009 316 2072 aridum
331 2006 542 2082 subduxerat,
557 2010 664 2069 aestus
680 2005 869 2091 complebat,
885 2012 918 2072 et
932 2009 1100 2092 onerarias,
1120 2029 1200 2093 quae

142 2114 183 2179 ad
210 2132 341 2179 ancoras
368 2115 458 2177 erant
484 2111 654 2194 deligatae,
681 2115 850 2195 tempestas
877 2112 1068 2196 adflictabat,
1095 2134 1200 2199 neque

142 2220 207 2285 ulla
228 2220 347 2285 nostrIs
368 2217 501 2282 facultas
523 2223 578 2280 aut
600 2216 841 2282 admimstrandi
868 2223 923 2283 aut
946 2220 1123 2284 auxiliandi
1146 2222 1199 2286 da-

140 2327 241 2393 batur.
287 2323 504 2408 compluribus
531 2323 666 2387 navibus
688 2323 796 2387 fractis
823 2325 966 2407 reliquae
993 2344 1067 2390 cum
1093 2333 1225 2394 essenta

140 2433 284 2516 funibus,
307 2430 433 2495 ancoris
454 2429 652 2512 reliqulsque
675 2432 878 2495 armamentis
900 2431 1024 2497 amissis
1046 2434 1087 2497 ad
1108 2435 1198 2499 navi-

139 2540 282 2625 gandum
303 2536 446 2618 inutiles,
471 2554 600 2619 magna,
626 2534 659 2598 id
688 2535 773 2617 quod
799 2555 929 2602 necesse
959 2543 1027 2603 erat
1048 2540 1197 2625 accidere,

140 2646 238 2710 totius
261 2642 421 2710 exercitus
441 2640 636 2725 perturbatio
658 2641 741 2705 facta
763 2646 818 2707 est
864 2662 969 2727 neque
992 2646 1078 2710 enim
1100 2666 1224 2712 naresi

140 2756 230 2817 erant
252 2750 343 2833 aliae,
371 2747 488 2832 quibus
515 2748 669 2830 reportari
695 2752 838 2832 possent,
866 2755 898 2815 et
925 2752 1032 2815 omnia
1058 2752 1197 2838 deerant,

141 2876 222 2942 quae
244 2857 285 2920 ad
306 2853 494 2920 reiicIendae
516 2872 616 2918 naves
638 2857 729 2918 arant
751 2855 836 2939 usui,
864 2860 909 2939 et,
937 2858 1023 2940 quod
1047 2859 1197 2925 omnibus

140 2963 303 3030 constabat
324 2959 459 3025 hlemari
486 2959 521 3022 in
549 2957 651 3022 Gallia
679 2964 837 3044 oportere,
863 2961 1058 3027 frumentum
1084 2966 1119 3028 in
1145 2965 1196 3029 his

138 3071 217 3135 locis
238 3070 273 3133 in
295 3068 432 3132 hiemem
455 3066 618 3150 provisum
640 3085 706 3130 non
729 3071 803 3131 erat

229 3173 352 3251 Quibus
373 3172 469 3236 rebus
492 3172 626 3256 cognitIs
649 3173 808 3256 principes
829 3172 1027 3257 Britanniae,
1052 3176 1108 3257 qui
1125 3180 1197 3259 post
1213 3189 1251 3246 30

138 3281 296 3368 proelium
328 3279 369 3343 ad
395 3276 561 3342 Gaesarem
588 3281 815 3361 convenerant,
846 3278 931 3342 inter
961 3296 996 3343 se
1028 3281 1195 3364 conlocuti,

139 3406 214 3453 oum
241 3391 273 3453 et
298 3385 424 3469 equites
451 3387 483 3447 et
507 3401 606 3447 naves
634 3387 666 3447 et
691 3382 885 3447 frumentum
912 3382 1063 3449 Romanis
1087 3386 1195 3452 deesse

139 3493 359 3577 intellegerent
381 3493 413 3555 et
433 3490 625 3574 paucitatem
647 3488 785 3551 militum
807 3507 849 3552 ex
871 3493 1046 3554 castrorum
1072 3493 1195 3576 exigui-

140 3604 204 3665 tate
226 3599 464 3683 cognoscerent,
488 3613 569 3678 quae
591 3595 651 3659 hoc
674 3599 764 3657 erant
781 3595 876 3659 etiam
892 3597 1084 3681 angustiora,
1109 3598 1195 3680 quod

140 3707 209 3772 sine
240 3703 472 3789 impedimentis
499 3700 615 3765 tlaesar
641 3700 780 3784 legiones
807 3704 1084 3786 transportaverat,
1117 3706 1222 3789 opti-a

140 3831 229 3877 mum
251 3810 336 3874 iactu
357 3825 425 3872 esse
447 3805 610 3872 duxerunt
631 3805 803 3871 rebellione
829 3805 911 3870 facta
931 3807 1087 3874 frumento
1111 3829 1195 3875 com·

140 3921 311 4000 meatuque
333 3918 457 3978 nostros
479 3912 645 3996 prohibere
668 3916 701 3975 et
721 3931 789 3976 rem
804 3913 838 3975 in
853 3912 990 3977 hiemem
1011 3916 1194 3999 producere,
