2738 4424
477 238 584 293 LIBER
601 238 635 292 V.
655 238 730 294 OAP.
750 237 837 294 b-B.
1144 223 1186 287 85

129 399 281 464 scandere
304 419 402 464 naves
424 399 522 464 iubet
567 404 599 464 at
618 400 761 479 omnium
775 399 935 484 impeditis
954 399 1068 464 animis
1085 396 1213 468 Dum-s

129 507 221 568 norix
246 525 320 569 cum
344 505 505 588 equitibus
528 504 735 571 Haeduorum
763 526 780 569 a
803 507 913 570 1111111
934 506 1088 571 insciente
1112 503 1187 570 an-

130 631 199 675 sare
227 611 358 674 domum
386 611 548 676 discedere
576 613 686 695 coepit
738 631 801 694 qua
829 630 865 676 ra
896 612 1042 675 nuntiata
1073 608 1213 678 Caesare

130 717 310 780 intermissa
341 717 535 800 profectione
569 722 663 800 atque
697 717 845 782 omnibus
876 717 973 782 rebus
1004 715 1187 801 postpositis

129 843 276 903 magnam
301 830 420 905 partem
436 823 596 904 equitatus
619 823 658 885 ad
682 842 756 887 eum
771 823 1007 910 insequendum
1028 822 1124 886 mittit
1138 839 1187 886 rc-

129 931 275 1035 trahiqqe
292 928 438 1012 imperat3
455 930 482 992 si
498 929 563 991 vim
577 928 673 993 faciat
688 948 792 1011 neque
806 933 927 1012 pareat,
950 927 1085 994 interfici
1099 927 1212 997 iubetr

130 1036 207 1097 nihil
235 1037 318 1098 hunc
342 1054 375 1098 11
399 1034 527 1099 absente
553 1053 610 1117 pro
633 1054 710 1098 sano
736 1034 893 1098 facturum
921 1034 1103 1118 arbitratus,
1131 1033 1187 1119 qui

129 1142 303 1224 praesentis
326 1142 493 1225 imperium
516 1140 717 1224 neglexisset
761 1140 816 1206 ille
836 1146 942 1206 autem
956 1143 1122 1205 revocatus
1136 1158 1213 1207 rto-a

129 1248 238 1310 sistere
261 1267 298 1311 ac
321 1265 354 1310 se
377 1266 475 1308 manu
498 1246 666 1310 defendere
689 1265 885 1329 suorumque
902 1246 998 1310 fidem
1017 1246 1186 1330 implorare

130 1355 245 1435 coepit,
269 1371 362 1436 saepe
385 1352 550 1415 clamitans
576 1351 714 1415 liberum
742 1372 776 1416 se
802 1351 986 1435 liberaeque
1014 1370 1082 1417 esse
1109 1351 1186 1415 civi-

129 1461 209 1522 tatis.
255 1459 315 1539 illi,
340 1463 375 1521 ut
398 1464 464 1521 erat
477 1459 678 1541 imperatum,
702 1459 939 1523 circumsistunt
956 1458 1118 1521 hominem
1140 1459 1212 1527 atu

130 1584 192 1647 que
216 1563 427 1645 interficiunt3
456 1569 488 1627 at
515 1564 639 1646 equites
662 1563 788 1628 Haedui
814 1564 855 1628 cd
882 1561 1047 1629 Gaesarem
1075 1582 1185 1628 omncs

128 1680 338 1735 revertuntur.

218 1775 277 1838 His
296 1774 391 1840 rebus
409 1776 507 1859 gestis
524 1774 664 1839 Labieno
682 1775 718 1838 in
736 1776 912 1840 continenti
929 1795 1004 1841 cum
1020 1774 1071 1840 III
1088 1774 1185 1858 legio·
1202 1793 1219 1850 ⁸

128 1881 225 1945 nibus
249 1889 279 1944 et
302 1882 445 1964 equitum
468 1881 599 1945 milibus
622 1880 746 1945 duobus
768 1882 890 1962 relicto,
917 1885 954 1945 ut
980 1884 1090 1964 portus
1117 1884 1185 1945 tue·

128 1998 217 2052 retur
249 1992 280 2052 et
306 1988 352 2051 rei
378 1988 603 2051 frumentariae
630 1987 822 2070 provideret,
850 2005 994 2068 quaeque
1021 1987 1056 2049 in
1084 1985 1190 2050 Gallia

128 2101 328 2178 gererentur,
352 2096 554 2177 cognosceret
576 2093 809 2176 consiliumque
831 2113 888 2177 pro
911 2097 1052 2177 tempore
1074 2097 1106 2157 ct
1127 2110 1184 2175 pro

128 2220 163 2264 11
186 2205 324 2283 caperet,
348 2200 415 2283 ipse
439 2219 512 2263 cum
534 2199 565 2262 V
587 2199 767 2283 legionibus
790 2203 821 2264 et
842 2200 910 2283 pari
932 2217 1066 2263 numero
1094 2197 1211 2280 equi-2

127 2311 209 2385 tum,
243 2326 336 2390 quem
364 2306 399 2369 111
427 2305 601 2369 continenti
627 2304 839 2388 relinquebat,
866 2305 906 2368 ad
934 2305 1009 2368 solis
1037 2321 1184 2369 occasum

127 2432 224 2477 naves
247 2413 349 2476 solvit.
382 2415 414 2476 et
430 2411 495 2474 leni
516 2411 624 2474 Africo
643 2417 809 2495 provectus
827 2410 931 2476 media
951 2411 1075 2475 circiter
1091 2414 1184 2474 nocte

127 2526 222 2582 vento
254 2519 435 2582 intermisso
463 2535 591 2580 cursum
623 2536 688 2580 11111
716 2517 819 2581 tenuit
850 2522 882 2582 et
907 2517 1034 2601 longius
1063 2516 1184 2581 delatus

128 2635 216 2689 aestu
240 2632 307 2688 orta
325 2623 397 2688 luce
415 2622 474 2687 sub
491 2623 618 2686 sinistra
632 2622 829 2686 Britanniam
847 2623 988 2687 relictam
1011 2623 1183 2707 conspexit

128 2736 196 2794 tum
219 2750 331 2794 rursus
354 2737 459 2793 aestus
482 2729 762 2793 commutationem
785 2733 913 2793 secutus
935 2730 1031 2792 remis
1054 2734 1210 2799 conten-a

130 2837 188 2917 dit,
216 2842 250 2899 ut
278 2854 345 2898 eam
373 2843 492 2918 partem
520 2833 643 2898 insulae
672 2840 809 2918 caperet,
837 2855 901 2918 qua
928 2836 1083 2918 optimum
1115 2851 1183 2898 esse

130 2961 291 3024 egressum
315 2942 476 3024 superiore
499 2945 617 3004 aestate
640 2945 836 3024 cognoverat
883 2960 945 3023 qua
966 2942 1000 3004 in
1019 2960 1053 3006 11
1076 2940 1211 3010 admo-4

130 3047 205 3110 dum
230 3047 289 3110 fuit
310 3047 447 3109 militum
471 3047 573 3111 virtus
587 3047 760 3129 laudanda,
784 3048 840 3129 qui
854 3047 1005 3111 vectoriis
1019 3044 1184 3129 gravibus·

131 3171 192 3236 que
216 3152 354 3234 navigiis
380 3171 444 3215 non
468 3152 650 3214 intermisso
678 3152 854 3236 remigandi
882 3151 990 3216 labore
1017 3151 1185 3232 longarum

129 3260 260 3321 navium
289 3275 416 3319 cursum
448 3257 675 3338 adaequarunt.
726 3276 887 3322 accessum
915 3263 962 3322 est
994 3257 1034 3321 ad
1059 3256 1211 3326 Britan-a

129 3366 215 3429 niam
240 3362 389 3426 omnibus
411 3361 549 3426 navibus
571 3362 746 3426 meridiano
769 3363 833 3427 fere
854 3368 1008 3447 tempore,
1030 3381 1135 3446 neque
1150 3362 1183 3425 in

130 3489 167 3535 11
190 3470 260 3534 1111
284 3469 383 3533 hostis
406 3474 453 3533 est
475 3469 577 3549 visus,
605 3469 674 3550 sed,
697 3474 733 3532 ut
754 3474 864 3552 postea
887 3468 1001 3534 Caesar
1023 3487 1066 3533 cx
1087 3468 1212 3552 capti-a

129 3579 178 3640 vis
202 3575 363 3660 cognovit,
386 3593 458 3638 cum
481 3593 616 3656 magnae
638 3593 752 3638 manus
780 3593 817 3639 11
841 3576 1076 3658 convenissent,
1102 3569 1185 3638 rnul-

130 3684 267 3747 titudine
289 3682 420 3745 navium
441 3681 636 3764 perterritae,
661 3699 742 3763 quac
765 3699 838 3744 cum
861 3681 1023 3746 annotinis
1041 3681 1185 3765 privatis·

131 3809 207 3872 que,
235 3806 313 3871 quas
340 3787 391 3851 sui
420 3787 556 3869 quisque
578 3770 740 3850 'commodi
768 3807 863 3852 causa
888 3786 1017 3872 fecerat,
1049 3787 1188 3870 amplius.

132 3892 239 3959 DCOO
261 3912 327 3975 1111
351 3898 442 3958 crant
464 3893 551 3957 visae
573 3898 727 3978 tempore,
753 3893 886 3959 alitore
914 3893 1122 3977 discesserant
1149 3911 1185 3956 11
