2738 4424
421 254 530 310 mana
547 255 623 311 vm
642 255 718 312 cir.
736 255 873 312 aa-sa·
961 258 963 262 ⁸
1107 238 1171 302 203

115 415 289 481 adversarii
310 415 361 480 sui
383 415 594 501 gloriarentur
619 416 653 481 L.
675 416 847 482 Lentulum
874 421 906 482 et
932 414 964 480 C.
986 415 1173 479 Marcellum

116 522 262 587 consules
284 526 416 608 creatos,
440 524 497 606 qui
520 542 647 615 ornnem
669 524 822 590 honorem
845 528 877 588 et
895 523 1081 607 dignitatem
1096 519 1173 584 Cae-

116 629 195 694 saris
218 628 403 712 spoliarent,
426 634 571 713 ereptum
592 627 657 694 Ser.
681 629 799 694 Galbae
814 628 1025 712 consulatum,
1048 646 1123 692 cum
1144 626 1173 692 is

116 734 217 799 multo
239 735 312 819 plus
334 735 435 818 gratia
458 733 702 820 [suffragiisque]
726 735 890 817 valuisset,
914 733 998 816 qnod
1021 733 1083 798 sibi
1098 751 1173 797 con·

115 841 244 905 iunctus
270 844 303 906 ct
327 841 539 905 familiaritate
565 847 598 906 et
623 841 857 906 necessitudine
884 840 1051 924 legationis
1082 843 1173 904 esset

116 947 279 1031 Exceptus
301 950 349 1011 est
371 944 513 1012 Caesaris
536 946 692 1012 adventus
714 947 753 1011 ab
774 947 923 1011 omnibus
937 945 1120 1029 municipiis
1143 948 1175 1009 et
1191 955 1225 1010 51

117 1053 251 1118 coloniis
281 1053 460 1118 incredibili
490 1053 609 1119 honore
642 1059 737 1136 atque
769 1072 883 1117 amora.
937 1057 1005 1116 tum
1035 1052 1175 1135 primum

117 1160 204 1225 enim
226 1159 375 1224 veniebat
397 1159 436 1223 ab
459 1160 514 1222 illo
536 1160 704 1225 universae
732 1159 853 1224 Galbae
879 1158 973 1224 bello.
1017 1158 1099 1223 nihil
1124 1176 1201 1227 re·a

116 1265 335 1350 linquebatur‚
359 1265 445 1348 quod
467 1265 508 1329 ad
531 1270 677 1330 ornatum
698 1270 874 1350 portarum,
900 1266 1063 1348 itinerum,
1089 1264 1174 1327 loco-

116 1393 189 1437 rum
212 1373 367 1456 omnium,
390 1390 454 1454 qua
476 1369 591 1437 Caesar
612 1373 715 1436 iturus
737 1376 818 1455 erat,
844 1371 1019 1455 excogitari
1044 1374 1174 1456 poterat

117 1498 191 1543 cum
214 1478 325 1543 liberis
348 1479 450 1542 omnis
476 1477 647 1543 multitudo
675 1478 801 1543 obviam
827 1477 1029 1563 procedebat,
1055 1478 1201 1546 hostiaea

117 1584 265 1649 omnibus
286 1583 367 1648 locis
388 1584 647 1667 immolabantur,
668 1584 815 1648 tricliniis
837 1585 943 1649 stratis
961 1584 1030 1648 fora
1044 1583 1175 1667 templa-

117 1709 180 1773 que
207 1690 455 1774 occupabantur,
486 1695 523 1754 ut
548 1690 601 1755 rel
628 1691 849 1774 spectatissimi
875 1691 1028 1774 triumphi
1054 1690 1175 1755 laetitia

115 1796 254 1880 praecipi
287 1801 400 1880 posset
445 1800 534 1860 tanta
566 1801 634 1862 erat
663 1796 901 1881 magnificentia
932 1796 1016 1880 apud
1043 1796 1174 1880 opulen-

116 1902 226 1985 tiores,
249 1903 404 1986 cupiditas
427 1903 512 1986 apud
534 1902 727 1967 humiliores

207 2007 288 2072 Cum
315 2028 425 2073 omnes
450 2009 597 2092 regiones
625 2008 746 2074 Calliae
772 2013 896 2093 togatae
923 2006 1037 2073 Caesar
1062 2027 1174 2092 percu·
1191 2025 1227 2081 52

116 2115 280 2198 currisset,
303 2134 427 2179 summa
450 2115 609 2180 celeritate
637 2115 677 2178 ad
704 2116 880 2181 exercitum
906 2113 1174 2180 Nemetocennam

117 2220 212 2284 rediit
232 2220 477 2304 legionibusque
500 2239 542 2286 ox
565 2221 712 2285 omnibus
734 2221 875 2286 hibernis
898 2221 937 2284 ad
958 2220 1039 2285 fines
1060 2220 1174 2285 l'reve

116 2347 225 2391 rorum
248 2328 385 2392 evocatis
407 2347 445 2393 eo
467 2326 626 2411 profectus
641 2331 690 2392 est
702 2327 813 2410 ibique
828 2328 1004 2393 exercitum
1019 2327 1174 2391 lrrstravit.

117 2433 149 2497 Τ.
172 2432 347 2499 labienum
371 2431 491 2498 Galbae
513 2435 663 2517 praefecit
684 2438 822 2518 togatae,
845 2453 908 2517 quo
928 2433 1030 2497 maior
1044 2434 1074 2498 ei
1089 2451 1202 2505 com-2

118 2540 279 2605 mendatio
313 2539 535 2604 conciliaretur
568 2539 608 2604 ad
643 2539 826 2604 consulatus
861 2540 1053 2624 petitionem.
1105 2540 1174 2624 ipse

118 2649 242 2710 tantum
263 2646 413 2711 itinerum
434 2645 583 2729 faciebat,
606 2650 761 2728 quantum
783 2646 859 2711 satis
881 2665 950 2712 esse
972 2647 1013 2710 ad
1026 2647 1175 2710 mutatio-

119 2769 195 2816 nem
215 2751 359 2816 locorum
380 2756 507 2836 propter
522 2751 738 2816 salubritatem
753 2752 963 2817 existimabat
1007 2752 1053 2816 ibi
1065 2771 1202 2834 quam-0

79 2911 81 2914 Α
121 2875 217 2957 quam
240 2856 349 2921 crebro
373 2858 521 2922 audiebat
546 2857 722 2923 Labienum
745 2858 784 2922 ab
806 2859 946 2923 inimicis
968 2859 1035 2923 suis
1059 2859 1175 2922 sollici·

119 2962 182 3027 tari
203 2963 381 3044 certiorque
402 2963 499 3028 fiebat
520 2964 556 3027 id
578 2965 630 3049 agi
651 2984 826 3048 paucorum
844 2965 998 3048 consiliis,
1021 2969 1057 3029 ut
1078 2965 1177 3029 inter·

120 3068 223 3152 posita
237 3073 366 3132 senatus
381 3071 564 3141 auctoritate
579 3070 687 3152 aliqua
700 3076 789 3154 parte
808 3071 966 3135 exercitus
981 3070 1176 3154 spoliaretur,

120 3180 228 3240 tamen
249 3193 354 3256 neque
377 3174 417 3239 de
434 3173 575 3241 Labieno
594 3177 729 3241 credidit
747 3178 917 3261 quicquam
934 3195 1052 3258 neque,
1066 3181 1177 3240 contra

120 3285 249 3347 senatis
284 3281 503 3345 auctoritatem
534 3285 571 3345 ut
601 3281 722 3363 aliquid
752 3283 880 3366 faceret,
915 3282 1031 3346 adduci
1065 3283 1175 3366 potuit

120 3387 281 3452 iudicabat
312 3387 398 3452 enim
429 3386 538 3451 liberis
569 3388 734 3451 sententiis
769 3393 894 3472 patrum
926 3389 1203 3471 conscriptorum

120 3513 250 3558 causam
280 3512 371 3558 suam
401 3492 492 3558 facile
525 3493 669 3557 obtineri.
722 3513 797 3558 nam
829 3492 861 3556 C.
890 3494 998 3578 Curio,
1030 3495 1177 3559 tribunus

120 3600 234 3685 plebis,
261 3619 335 3664 cum
358 3597 499 3664 Caesaris
521 3618 648 3663 causam
671 3599 920 3684 dignitatemque
948 3601 1178 3665 defendendam

121 3707 321 3791 suscepisset,
349 3724 442 3789 saepe
465 3710 532 3772 erat
554 3707 677 3770 senatui
703 3706 878 3790 pollicitus,
905 3707 934 3771 si
962 3727 1057 3790 quem
1083 3708 1178 3772 timor

120 3833 281 3878 armorum
310 3811 451 3876 Caesaris
480 3811 631 3895 laederet,
661 3813 812 3894 quoniam
842 3813 976 3898 Pompei
1004 3814 1177 3879 dominatio

119 3924 216 4003 atque
239 3938 327 3983 arma
347 3937 413 3983 non
435 3918 603 3982 minimum
626 3923 778 3984 terrorem
799 3918 867 3984 loro
890 3920 1055 4005 inferrent,
1078 3920 1178 3986 disce
