<?xml version="1.0" encoding="UTF-8"?>
<!DOCTYPE html PUBLIC "-//W3C//DTD XHTML 1.0 Transitional//EN"
    "http://www.w3.org/TR/xhtml1/DTD/xhtml1-transitional.dtd">
<html xmlns="http://www.w3.org/1999/xhtml" xml:lang="en" lang="en">
 <head>
  <title>
</title>
<meta http-equiv="Content-Type" content="text/html;charset=utf-8" />
  <meta name='ocr-system' content='tesseract 3.04.00' />
  <meta name='ocr-capabilities' content='ocr_page ocr_carea ocr_par ocr_line ocrx_word'/>
</head>
<body>
  <div class='ocr_page' id='page_1' title='image "./ciuliicaesarisb02meusgoog_0047.png"; bbox 0 0 2738 4424; ppageno 0'>
   <div class='ocr_carea' id='block_1_1' title="bbox 469 297 1187 364">
    <p class='ocr_par' dir='ltr' id='par_1_1' title="bbox 469 297 1187 364">
     <span class='ocr_line' id='line_1_1' title="bbox 469 297 1187 364; baseline -0.011 1"><span class='ocrx_word' id='word_1_1' title='bbox 469 309 576 364; x_wconf 76' lang='lat' dir='ltr'>LIBER</span> <span class='ocrx_word' id='word_1_2' title='bbox 592 309 615 364; x_wconf 86' lang='lat' dir='ltr'>L</span> <span class='ocrx_word' id='word_1_3' title='bbox 634 309 710 364; x_wconf 76' lang='lat' dir='ltr'>CAP.</span> <span class='ocrx_word' id='word_1_4' title='bbox 728 309 850 364; x_wconf 82' lang='lat'>45-49.</span> <span class='ocrx_word' id='word_1_5' title='bbox 1145 297 1187 358; x_wconf 84' lang='lat'><strong>29</strong></span> 
     </span>
    </p>
   </div>
   <div class='ocr_carea' id='block_1_2' title="bbox 129 469 1254 3631">
    <p class='ocr_par' dir='ltr' id='par_1_2' title="bbox 129 469 1218 1190">
     <span class='ocr_line' id='line_1_2' title="bbox 129 469 1190 556; baseline -0.004 -18"><span class='ocrx_word' id='word_1_6' title='bbox 129 476 196 556; x_wconf 86' lang='lat' dir='ltr'><strong>tur,</strong></span> <span class='ocrx_word' id='word_1_7' title='bbox 214 475 247 537; x_wconf 88' lang='lat' dir='ltr'><strong>et</strong></span> <span class='ocrx_word' id='word_1_8' title='bbox 264 470 351 555; x_wconf 91' lang='lat' dir='ltr'><strong>quod</strong></span> <span class='ocrx_word' id='word_1_9' title='bbox 368 470 403 536; x_wconf 89' lang='lat' dir='ltr'><strong>in</strong></span> <span class='ocrx_word' id='word_1_10' title='bbox 422 489 459 537; x_wconf 91' lang='lat' dir='ltr'><strong>eo</strong></span> <span class='ocrx_word' id='word_1_11' title='bbox 477 470 631 555; x_wconf 88' lang='lat' dir='ltr'><strong>peccandi</strong></span> <span class='ocrx_word' id='word_1_12' title='bbox 649 469 816 536; x_wconf 84' lang='lat' dir='ltr'><strong>Germanis</strong></span> <span class='ocrx_word' id='word_1_13' title='bbox 835 488 931 534; x_wconf 88' lang='lat' dir='ltr'><strong>causa</strong></span> <span class='ocrx_word' id='word_1_14' title='bbox 947 488 1014 534; x_wconf 95' lang='lat' dir='ltr'><strong>non</strong></span> <span class='ocrx_word' id='word_1_15' title='bbox 1032 476 1126 554; x_wconf 89' lang='lat' dir='ltr'><strong>esset,</strong></span> <span class='ocrx_word' id='word_1_16' title='bbox 1150 469 1190 534; x_wconf 88' lang='lat' dir='ltr'><strong>ed</strong></span> 
     </span>
     <span class='ocr_line' id='line_1_3' title="bbox 129 574 1190 660; baseline -0.004 -17"><span class='ocrx_word' id='word_1_17' title='bbox 129 596 207 643; x_wconf 88' lang='lat' dir='ltr'><strong>eum</strong></span> <span class='ocrx_word' id='word_1_18' title='bbox 220 577 355 660; x_wconf 85' lang='lat' dir='ltr'><strong>mittere,</strong></span> <span class='ocrx_word' id='word_1_19' title='bbox 371 580 403 641; x_wconf 91' lang='lat' dir='ltr'><strong>et</strong></span> <span class='ocrx_word' id='word_1_20' title='bbox 417 575 539 640; x_wconf 79' lang='lat' dir='ltr'><strong>unali.</strong></span> <span class='ocrx_word' id='word_1_21' title='bbox 554 575 702 660; x_wconf 86' lang='lat' dir='ltr'><strong>Metium,</strong></span> <span class='ocrx_word' id='word_1_22' title='bbox 719 577 774 659; x_wconf 90' lang='lat' dir='ltr'><strong>qui</strong></span> <span class='ocrx_word' id='word_1_23' title='bbox 793 574 929 658; x_wconf 91' lang='lat' dir='ltr'><strong>hospitio</strong></span> <span class='ocrx_word' id='word_1_24' title='bbox 949 575 1102 641; x_wconf 86' lang='lat' dir='ltr'><strong>Ariovisti</strong></span> <span class='ocrx_word' id='word_1_25' title='bbox 1121 581 1190 640; x_wconf 88' lang='lat' dir='ltr'><strong>ute·</strong></span> 
     </span>
     <span class='ocr_line' id='line_1_4' title="bbox 131 681 1217 766; baseline 0 -17"><span class='ocrx_word' id='word_1_26' title='bbox 131 683 233 749; x_wconf 89' lang='lat' dir='ltr'><strong>batur.</strong></span> <span class='ocrx_word' id='word_1_27' title='bbox 268 682 319 747; x_wconf 93' lang='lat' dir='ltr'><strong>bis</strong></span> <span class='ocrx_word' id='word_1_28' title='bbox 333 682 508 763; x_wconf 84' lang='lat' dir='ltr'><strong>mandavit,</strong></span> <span class='ocrx_word' id='word_1_29' title='bbox 526 687 568 766; x_wconf 88' lang='lat' dir='ltr'><strong>ut,</strong></span> <span class='ocrx_word' id='word_1_30' title='bbox 585 700 666 764; x_wconf 88' lang='lat' dir='ltr'><strong>quae</strong></span> <span class='ocrx_word' id='word_1_31' title='bbox 685 681 803 746; x_wconf 90' lang='lat' dir='ltr'><strong>diceret</strong></span> <span class='ocrx_word' id='word_1_32' title='bbox 819 681 1007 765; x_wconf 84' lang='lat' dir='ltr'><strong>Ariovistus,</strong></span> <span class='ocrx_word' id='word_1_33' title='bbox 1022 699 1217 764; x_wconf 80' lang='lat' dir='ltr'><strong>cognosce-o</strong></span> 
     </span>
     <span class='ocr_line' id='line_1_5' title="bbox 132 786 1218 871; baseline 0 -16"><span class='ocrx_word' id='word_1_34' title='bbox 132 794 206 855; x_wconf 89' lang='lat' dir='ltr'><strong>rent</strong></span> <span class='ocrx_word' id='word_1_35' title='bbox 232 789 331 854; x_wconf 88' lang='lat' dir='ltr'><strong>etad</strong></span> <span class='ocrx_word' id='word_1_36' title='bbox 357 807 392 853; x_wconf 92' lang='lat' dir='ltr'><strong>se</strong></span> <span class='ocrx_word' id='word_1_37' title='bbox 418 788 579 853; x_wconf 70' lang='lat' dir='ltr'><strong>referrent</strong></span> <span class='ocrx_word' id='word_1_38' title='bbox 627 806 706 870; x_wconf 90' lang='lat' dir='ltr'><strong>quos</strong></span> <span class='ocrx_word' id='word_1_39' title='bbox 738 806 811 851; x_wconf 90' lang='lat' dir='ltr'><strong>oum</strong></span> <span class='ocrx_word' id='word_1_40' title='bbox 843 786 926 871; x_wconf 84' lang='lat' dir='ltr'><strong>apud</strong></span> <span class='ocrx_word' id='word_1_41' title='bbox 958 805 992 851; x_wconf 90' lang='lat' dir='ltr'><strong>se</strong></span> <span class='ocrx_word' id='word_1_42' title='bbox 1018 788 1055 851; x_wconf 93' lang='lat' dir='ltr'><strong>in</strong></span> <span class='ocrx_word' id='word_1_43' title='bbox 1081 788 1218 855; x_wconf 81' lang='lat' dir='ltr'><strong>castriso</strong></span> 
     </span>
     <span class='ocr_line' id='line_1_6' title="bbox 132 893 1193 978; baseline -0.004 -18"><span class='ocrx_word' id='word_1_44' title='bbox 132 895 315 960; x_wconf 85' lang='lat' dir='ltr'><strong>Ariovistus</strong></span> <span class='ocrx_word' id='word_1_45' title='bbox 346 894 575 978; x_wconf 82' lang='lat' dir='ltr'><strong>conspexisset,</strong></span> <span class='ocrx_word' id='word_1_46' title='bbox 609 893 752 958; x_wconf 88' lang='lat' dir='ltr'><strong>exercitu</strong></span> <span class='ocrx_word' id='word_1_47' title='bbox 783 911 840 958; x_wconf 91' lang='lat' dir='ltr'><strong>suo</strong></span> <span class='ocrx_word' id='word_1_48' title='bbox 871 897 1036 977; x_wconf 89' lang='lat' dir='ltr'><strong>praesente</strong></span> <span class='ocrx_word' id='word_1_49' title='bbox 1068 893 1193 957; x_wconf 81' lang='lat' dir='ltr'><strong>conele-</strong></span> 
     </span>
     <span class='ocr_line' id='line_1_7' title="bbox 133 998 1193 1084; baseline -0.001 -19"><span class='ocrx_word' id='word_1_50' title='bbox 133 1001 246 1065; x_wconf 83' lang='lat' dir='ltr'><strong>mavit:</strong></span> <span class='ocrx_word' id='word_1_51' title='bbox 268 998 347 1084; x_wconf 89' lang='lat' dir='ltr'><strong>quid</strong></span> <span class='ocrx_word' id='word_1_52' title='bbox 361 999 402 1064; x_wconf 84' lang='lat' dir='ltr'><strong>ad</strong></span> <span class='ocrx_word' id='word_1_53' title='bbox 416 1017 450 1065; x_wconf 91' lang='lat' dir='ltr'><strong>se</strong></span> <span class='ocrx_word' id='word_1_54' title='bbox 465 1000 633 1064; x_wconf 82' lang='lat' dir='ltr'><strong>venirent?</strong></span> <span class='ocrx_word' id='word_1_55' title='bbox 654 1017 696 1062; x_wconf 90' lang='lat' dir='ltr'><strong>an</strong></span> <span class='ocrx_word' id='word_1_56' title='bbox 709 998 894 1082; x_wconf 87' lang='lat' dir='ltr'><strong>speculandi</strong></span> <span class='ocrx_word' id='word_1_57' title='bbox 907 999 1023 1063; x_wconf 78' lang='lat' dir='ltr'><strong>causa?</strong></span> <span class='ocrx_word' id='word_1_58' title='bbox 1042 1003 1193 1064; x_wconf 88' lang='lat' dir='ltr'><strong>conantes</strong></span> 
     </span>
     <span class='ocr_line' id='line_1_8' title="bbox 133 1105 849 1190; baseline -0.007 -17"><span class='ocrx_word' id='word_1_59' title='bbox 133 1108 242 1173; x_wconf 89' lang='lat' dir='ltr'><strong>dicere</strong></span> <span class='ocrx_word' id='word_1_60' title='bbox 263 1105 425 1190; x_wconf 85' lang='lat' dir='ltr'><strong>prohibuit</strong></span> <span class='ocrx_word' id='word_1_61' title='bbox 447 1106 535 1170; x_wconf 92' lang='lat' dir='ltr'><strong>etin</strong></span> <span class='ocrx_word' id='word_1_62' title='bbox 557 1110 684 1170; x_wconf 87' lang='lat' dir='ltr'><strong>catenas</strong></span> <span class='ocrx_word' id='word_1_63' title='bbox 706 1106 849 1169; x_wconf 90' lang='lat' dir='ltr'><strong>coniecit</strong></span> 
     </span>
    </p>

    <p class='ocr_par' dir='ltr' id='par_1_3' title="bbox 135 1210 1245 3309">
     <span class='ocr_line' id='line_1_9' title="bbox 224 1210 1245 1295; baseline -0.003 -18"><span class='ocrx_word' id='word_1_64' title='bbox 224 1211 346 1277; x_wconf 80' lang='lat' dir='ltr'><strong>Eodem</strong></span> <span class='ocrx_word' id='word_1_65' title='bbox 369 1211 421 1277; x_wconf 92' lang='lat' dir='ltr'><strong>die</strong></span> <span class='ocrx_word' id='word_1_66' title='bbox 440 1216 541 1276; x_wconf 88' lang='lat' dir='ltr'><strong>castra</strong></span> <span class='ocrx_word' id='word_1_67' title='bbox 558 1211 718 1295; x_wconf 84' lang='lat' dir='ltr'><strong>promovit</strong></span> <span class='ocrx_word' id='word_1_68' title='bbox 739 1216 770 1274; x_wconf 86' lang='lat' dir='ltr'><strong>ct</strong></span> <span class='ocrx_word' id='word_1_69' title='bbox 787 1210 918 1275; x_wconf 89' lang='lat' dir='ltr'><strong>milibus</strong></span> <span class='ocrx_word' id='word_1_70' title='bbox 940 1230 1093 1295; x_wconf 84' lang='lat' dir='ltr'><strong>passuum</strong></span> <span class='ocrx_word' id='word_1_71' title='bbox 1110 1211 1158 1276; x_wconf 86' lang='lat' dir='ltr'><strong>VI</strong></span> <span class='ocrx_word' id='word_1_72' title='bbox 1175 1230 1195 1274; x_wconf 90' lang='lat' dir='ltr'><strong>a</strong></span> <span class='ocrx_word' id='word_1_73' title='bbox 1211 1227 1245 1283; x_wconf 70' lang='lat'><strong>48</strong></span> 
     </span>
     <span class='ocr_line' id='line_1_10' title="bbox 135 1317 1221 1400; baseline 0 -15"><span class='ocrx_word' id='word_1_74' title='bbox 135 1318 280 1385; x_wconf 74' lang='lat' dir='ltr'><strong>Caesaris</strong></span> <span class='ocrx_word' id='word_1_75' title='bbox 303 1318 414 1382; x_wconf 84' lang='lat' dir='ltr'><strong>castris</strong></span> <span class='ocrx_word' id='word_1_76' title='bbox 441 1317 501 1381; x_wconf 90' lang='lat' dir='ltr'><strong>sub</strong></span> <span class='ocrx_word' id='word_1_77' title='bbox 528 1321 636 1381; x_wconf 87' lang='lat' dir='ltr'><strong>monte</strong></span> <span class='ocrx_word' id='word_1_78' title='bbox 663 1317 812 1381; x_wconf 89' lang='lat' dir='ltr'><strong>consedit</strong></span> <span class='ocrx_word' id='word_1_79' title='bbox 857 1317 1008 1400; x_wconf 80' lang='lat' dir='ltr'><strong>postridie</strong></span> <span class='ocrx_word' id='word_1_80' title='bbox 1035 1317 1103 1382; x_wconf 89' lang='lat' dir='ltr'><strong>eius</strong></span> <span class='ocrx_word' id='word_1_81' title='bbox 1131 1317 1221 1385; x_wconf 80' lang='lat' dir='ltr'><strong>dieis</strong></span> 
     </span>
     <span class='ocr_line' id='line_1_11' title="bbox 135 1422 1196 1510; baseline -0.002 -20"><span class='ocrx_word' id='word_1_82' title='bbox 135 1429 262 1510; x_wconf 89' lang='lat' dir='ltr'><strong>praeter</strong></span> <span class='ocrx_word' id='word_1_83' title='bbox 293 1428 394 1489; x_wconf 86' lang='lat' dir='ltr'><strong>castra</strong></span> <span class='ocrx_word' id='word_1_84' title='bbox 421 1422 563 1488; x_wconf 81' lang='lat' dir='ltr'><strong>caesaris</strong></span> <span class='ocrx_word' id='word_1_85' title='bbox 595 1442 669 1488; x_wconf 87' lang='lat' dir='ltr'><strong>suas</strong></span> <span class='ocrx_word' id='word_1_86' title='bbox 701 1424 807 1507; x_wconf 85' lang='lat' dir='ltr'><strong>copias</strong></span> <span class='ocrx_word' id='word_1_87' title='bbox 836 1423 980 1487; x_wconf 82' lang='lat' dir='ltr'><strong>traduxit</strong></span> <span class='ocrx_word' id='word_1_88' title='bbox 1008 1428 1040 1488; x_wconf 90' lang='lat' dir='ltr'><strong>et</strong></span> <span class='ocrx_word' id='word_1_89' title='bbox 1066 1423 1196 1489; x_wconf 92' lang='lat' dir='ltr'><strong>milibus</strong></span> 
     </span>
     <span class='ocr_line' id='line_1_12' title="bbox 136 1528 1197 1616; baseline -0.001 -20"><span class='ocrx_word' id='word_1_90' title='bbox 136 1549 290 1616; x_wconf 77' lang='lat' dir='ltr'><strong>passuum</strong></span> <span class='ocrx_word' id='word_1_91' title='bbox 317 1528 442 1594; x_wconf 92' lang='lat' dir='ltr'><strong>duobus</strong></span> <span class='ocrx_word' id='word_1_92' title='bbox 469 1529 553 1593; x_wconf 89' lang='lat' dir='ltr'><strong>ultra</strong></span> <span class='ocrx_word' id='word_1_93' title='bbox 579 1547 652 1593; x_wconf 86' lang='lat' dir='ltr'><strong>cum</strong></span> <span class='ocrx_word' id='word_1_94' title='bbox 679 1533 782 1592; x_wconf 88' lang='lat' dir='ltr'><strong>castra</strong></span> <span class='ocrx_word' id='word_1_95' title='bbox 807 1529 882 1593; x_wconf 86' lang='lat' dir='ltr'><strong>fecit</strong></span> <span class='ocrx_word' id='word_1_96' title='bbox 908 1548 945 1594; x_wconf 91' lang='lat' dir='ltr'><strong>eo</strong></span> <span class='ocrx_word' id='word_1_97' title='bbox 973 1531 1117 1614; x_wconf 90' lang='lat' dir='ltr'><strong>consilio,</strong></span> <span class='ocrx_word' id='word_1_98' title='bbox 1148 1530 1197 1595; x_wconf 89' lang='lat' dir='ltr'><strong>uti</strong></span> 
     </span>
     <span class='ocr_line' id='line_1_13' title="bbox 136 1633 1196 1722; baseline -0.002 -20"><span class='ocrx_word' id='word_1_99' title='bbox 136 1637 298 1702; x_wconf 82' lang='lat' dir='ltr'><strong>frumento</strong></span> <span class='ocrx_word' id='word_1_100' title='bbox 320 1641 575 1718; x_wconf 79' lang='lat' dir='ltr'><strong>commeatuque,</strong></span> <span class='ocrx_word' id='word_1_101' title='bbox 599 1636 654 1717; x_wconf 91' lang='lat' dir='ltr'><strong>qui</strong></span> <span class='ocrx_word' id='word_1_102' title='bbox 677 1654 720 1699; x_wconf 80' lang='lat' dir='ltr'><strong>ex</strong></span> <span class='ocrx_word' id='word_1_103' title='bbox 737 1633 893 1718; x_wconf 85' lang='lat' dir='ltr'><strong>Sequanis</strong></span> <span class='ocrx_word' id='word_1_104' title='bbox 912 1641 944 1700; x_wconf 91' lang='lat' dir='ltr'><strong>et</strong></span> <span class='ocrx_word' id='word_1_105' title='bbox 960 1636 1104 1701; x_wconf 90' lang='lat' dir='ltr'><strong>Haeduis</strong></span> <span class='ocrx_word' id='word_1_106' title='bbox 1122 1657 1196 1722; x_wconf 91' lang='lat' dir='ltr'><strong>sup-</strong></span> 
     </span>
     <span class='ocr_line' id='line_1_14' title="bbox 138 1739 1223 1828; baseline 0.003 -21"><span class='ocrx_word' id='word_1_107' title='bbox 138 1746 328 1828; x_wconf 83' lang='lat' dir='ltr'><strong>portaretur,</strong></span> <span class='ocrx_word' id='word_1_108' title='bbox 352 1739 517 1805; x_wconf 80' lang='lat' dir='ltr'><strong>ansarem</strong></span> <span class='ocrx_word' id='word_1_109' title='bbox 535 1740 768 1805; x_wconf 81' lang='lat' dir='ltr'><strong>intercluderet</strong></span> <span class='ocrx_word' id='word_1_110' title='bbox 806 1759 848 1804; x_wconf 80' lang='lat' dir='ltr'><strong>ex</strong></span> <span class='ocrx_word' id='word_1_111' title='bbox 871 1759 908 1806; x_wconf 90' lang='lat' dir='ltr'><strong>eo</strong></span> <span class='ocrx_word' id='word_1_112' title='bbox 933 1741 983 1806; x_wconf 91' lang='lat' dir='ltr'><strong>die</strong></span> <span class='ocrx_word' id='word_1_113' title='bbox 1006 1742 1075 1806; x_wconf 91' lang='lat' dir='ltr'><strong>dies</strong></span> <span class='ocrx_word' id='word_1_114' title='bbox 1098 1744 1223 1810; x_wconf 88' lang='lat' dir='ltr'><strong>conti-e</strong></span> 
     </span>
     <span class='ocr_line' id='line_1_15' title="bbox 137 1845 1198 1931; baseline 0 -18"><span class='ocrx_word' id='word_1_115' title='bbox 137 1867 222 1914; x_wconf 88' lang='lat' dir='ltr'><strong>nuos</strong></span> <span class='ocrx_word' id='word_1_116' title='bbox 243 1847 275 1911; x_wconf 88' lang='lat' dir='ltr'><strong>V</strong></span> <span class='ocrx_word' id='word_1_117' title='bbox 298 1845 414 1912; x_wconf 81' lang='lat' dir='ltr'><strong>Caesar</strong></span> <span class='ocrx_word' id='word_1_118' title='bbox 435 1865 492 1931; x_wconf 92' lang='lat' dir='ltr'><strong>pro</strong></span> <span class='ocrx_word' id='word_1_119' title='bbox 516 1848 625 1911; x_wconf 86' lang='lat' dir='ltr'><strong>castris</strong></span> <span class='ocrx_word' id='word_1_120' title='bbox 647 1866 721 1910; x_wconf 90' lang='lat' dir='ltr'><strong>suas</strong></span> <span class='ocrx_word' id='word_1_121' title='bbox 745 1849 851 1930; x_wconf 91' lang='lat' dir='ltr'><strong>copias</strong></span> <span class='ocrx_word' id='word_1_122' title='bbox 873 1848 1025 1931; x_wconf 85' lang='lat' dir='ltr'><strong>produxit</strong></span> <span class='ocrx_word' id='word_1_123' title='bbox 1047 1855 1079 1912; x_wconf 92' lang='lat' dir='ltr'><strong>et</strong></span> <span class='ocrx_word' id='word_1_124' title='bbox 1098 1850 1198 1913; x_wconf 88' lang='lat' dir='ltr'><strong>aciem</strong></span> 
     </span>
     <span class='ocr_line' id='line_1_16' title="bbox 139 1952 1198 2037; baseline -0.001 -18"><span class='ocrx_word' id='word_1_125' title='bbox 139 1955 328 2019; x_wconf 87' lang='lat' dir='ltr'><strong>instructam</strong></span> <span class='ocrx_word' id='word_1_126' title='bbox 349 1952 472 2036; x_wconf 90' lang='lat' dir='ltr'><strong>habuit,</strong></span> <span class='ocrx_word' id='word_1_127' title='bbox 495 1957 544 2036; x_wconf 90' lang='lat' dir='ltr'><strong>ut,</strong></span> <span class='ocrx_word' id='word_1_128' title='bbox 566 1954 593 2015; x_wconf 89' lang='lat' dir='ltr'><strong>si</strong></span> <span class='ocrx_word' id='word_1_129' title='bbox 616 1953 712 2017; x_wconf 82' lang='lat' dir='ltr'><strong>vellet</strong></span> <span class='ocrx_word' id='word_1_130' title='bbox 727 1954 910 2017; x_wconf 82' lang='lat' dir='ltr'><strong>Ariovistus</strong></span> <span class='ocrx_word' id='word_1_131' title='bbox 928 1955 1048 2037; x_wconf 88' lang='lat' dir='ltr'><strong>proelio</strong></span> <span class='ocrx_word' id='word_1_132' title='bbox 1069 1961 1198 2019; x_wconf 90' lang='lat' dir='ltr'><strong>conten-</strong></span> 
     </span>
     <span class='ocr_line' id='line_1_17' title="bbox 141 2058 1224 2144; baseline 0.004 -20"><span class='ocrx_word' id='word_1_133' title='bbox 141 2059 230 2144; x_wconf 90' lang='lat' dir='ltr'><strong>dere,</strong></span> <span class='ocrx_word' id='word_1_134' title='bbox 262 2059 292 2124; x_wconf 90' lang='lat' dir='ltr'><strong>ei</strong></span> <span class='ocrx_word' id='word_1_135' title='bbox 318 2063 456 2143; x_wconf 86' lang='lat' dir='ltr'><strong>potestas</strong></span> <span class='ocrx_word' id='word_1_136' title='bbox 487 2077 554 2122; x_wconf 92' lang='lat' dir='ltr'><strong>non</strong></span> <span class='ocrx_word' id='word_1_137' title='bbox 586 2058 715 2122; x_wconf 85' lang='lat' dir='ltr'><strong>deesset</strong></span> <span class='ocrx_word' id='word_1_138' title='bbox 760 2060 940 2122; x_wconf 83' lang='lat' dir='ltr'><strong>Ariovistus</strong></span> <span class='ocrx_word' id='word_1_139' title='bbox 971 2059 1020 2124; x_wconf 90' lang='lat' dir='ltr'><strong>his</strong></span> <span class='ocrx_word' id='word_1_140' title='bbox 1052 2060 1224 2128; x_wconf 76' lang='lat' dir='ltr'><strong>omnibusa</strong></span> 
     </span>
     <span class='ocr_line' id='line_1_18' title="bbox 142 2164 1199 2248; baseline -0.001 -16"><span class='ocrx_word' id='word_1_141' title='bbox 142 2166 255 2232; x_wconf 89' lang='lat' dir='ltr'><strong>diebus</strong></span> <span class='ocrx_word' id='word_1_142' title='bbox 272 2165 448 2230; x_wconf 85' lang='lat' dir='ltr'><strong>exercitum</strong></span> <span class='ocrx_word' id='word_1_143' title='bbox 467 2165 578 2228; x_wconf 89' lang='lat' dir='ltr'><strong>castris</strong></span> <span class='ocrx_word' id='word_1_144' title='bbox 596 2165 765 2247; x_wconf 85' lang='lat' dir='ltr'><strong>continuit,</strong></span> <span class='ocrx_word' id='word_1_145' title='bbox 787 2165 927 2245; x_wconf 88' lang='lat' dir='ltr'><strong>equestri</strong></span> <span class='ocrx_word' id='word_1_146' title='bbox 944 2164 1064 2248; x_wconf 91' lang='lat' dir='ltr'><strong>proelio</strong></span> <span class='ocrx_word' id='word_1_147' title='bbox 1084 2165 1199 2231; x_wconf 88' lang='lat' dir='ltr'><strong>cotidie</strong></span> 
     </span>
     <span class='ocr_line' id='line_1_19' title="bbox 142 2270 1199 2355; baseline -0.004 -16"><span class='ocrx_word' id='word_1_148' title='bbox 142 2271 312 2338; x_wconf 86' lang='lat' dir='ltr'><strong>contendit</strong></span> <span class='ocrx_word' id='word_1_149' title='bbox 349 2288 450 2355; x_wconf 83' lang='lat' dir='ltr'><strong>genus</strong></span> <span class='ocrx_word' id='word_1_150' title='bbox 472 2272 531 2336; x_wconf 90' lang='lat' dir='ltr'><strong>hoc</strong></span> <span class='ocrx_word' id='word_1_151' title='bbox 554 2274 621 2335; x_wconf 88' lang='lat' dir='ltr'><strong>erat</strong></span> <span class='ocrx_word' id='word_1_152' title='bbox 642 2288 781 2354; x_wconf 83' lang='lat' dir='ltr'><strong>pugnae,</strong></span> <span class='ocrx_word' id='word_1_153' title='bbox 804 2289 867 2352; x_wconf 94' lang='lat' dir='ltr'><strong>quo</strong></span> <span class='ocrx_word' id='word_1_154' title='bbox 890 2288 924 2334; x_wconf 91' lang='lat' dir='ltr'><strong>se</strong></span> <span class='ocrx_word' id='word_1_155' title='bbox 943 2270 1091 2335; x_wconf 82' lang='lat' dir='ltr'><strong>Germani</strong></span> <span class='ocrx_word' id='word_1_156' title='bbox 1109 2290 1199 2336; x_wconf 79' lang='lat' dir='ltr'><strong>ener-</strong></span> 
     </span>
     <span class='ocr_line' id='line_1_20' title="bbox 141 2375 1225 2461; baseline 0.004 -19"><span class='ocrx_word' id='word_1_157' title='bbox 141 2382 287 2444; x_wconf 85' lang='lat' dir='ltr'><strong>euerent:</strong></span> <span class='ocrx_word' id='word_1_158' title='bbox 316 2377 459 2459; x_wconf 91' lang='lat' dir='ltr'><strong>equitum</strong></span> <span class='ocrx_word' id='word_1_159' title='bbox 482 2376 569 2439; x_wconf 84' lang='lat' dir='ltr'><strong>milia</strong></span> <span class='ocrx_word' id='word_1_160' title='bbox 589 2382 679 2440; x_wconf 89' lang='lat' dir='ltr'><strong>erant</strong></span> <span class='ocrx_word' id='word_1_161' title='bbox 695 2375 755 2459; x_wconf 81' lang='lat' dir='ltr'><strong>Vl,</strong></span> <span class='ocrx_word' id='word_1_162' title='bbox 779 2376 909 2440; x_wconf 90' lang='lat' dir='ltr'><strong>totidem</strong></span> <span class='ocrx_word' id='word_1_163' title='bbox 927 2396 1059 2441; x_wconf 90' lang='lat' dir='ltr'><strong>numero</strong></span> <span class='ocrx_word' id='word_1_164' title='bbox 1077 2379 1225 2461; x_wconf 84' lang='lat' dir='ltr'><strong>peditese</strong></span> 
     </span>
     <span class='ocr_line' id='line_1_21' title="bbox 142 2483 1200 2567; baseline 0 -19"><span class='ocrx_word' id='word_1_165' title='bbox 142 2483 333 2551; x_wconf 84' lang='lat' dir='ltr'><strong>velocissimi</strong></span> <span class='ocrx_word' id='word_1_166' title='bbox 356 2501 392 2546; x_wconf 85' lang='lat' dir='ltr'><strong>ac</strong></span> <span class='ocrx_word' id='word_1_167' title='bbox 413 2483 587 2565; x_wconf 86' lang='lat' dir='ltr'><strong>fortissimi,</strong></span> <span class='ocrx_word' id='word_1_168' title='bbox 611 2501 691 2565; x_wconf 91' lang='lat' dir='ltr'><strong>quos</strong></span> <span class='ocrx_word' id='word_1_169' title='bbox 714 2501 755 2546; x_wconf 86' lang='lat' dir='ltr'><strong>ex</strong></span> <span class='ocrx_word' id='word_1_170' title='bbox 777 2484 865 2546; x_wconf 90' lang='lat' dir='ltr'><strong>omni</strong></span> <span class='ocrx_word' id='word_1_171' title='bbox 887 2484 977 2567; x_wconf 88' lang='lat' dir='ltr'><strong>copia</strong></span> <span class='ocrx_word' id='word_1_172' title='bbox 994 2484 1113 2567; x_wconf 89' lang='lat' dir='ltr'><strong>singuli</strong></span> <span class='ocrx_word' id='word_1_173' title='bbox 1134 2485 1200 2548; x_wconf 90' lang='lat' dir='ltr'><strong>sin·</strong></span> 
     </span>
     <span class='ocr_line' id='line_1_22' title="bbox 141 2587 1226 2676; baseline 0.004 -22"><span class='ocrx_word' id='word_1_174' title='bbox 141 2590 236 2675; x_wconf 80' lang='lat' dir='ltr'><strong>gulos</strong></span> <span class='ocrx_word' id='word_1_175' title='bbox 258 2608 335 2654; x_wconf 84' lang='lat' dir='ltr'><strong>suae</strong></span> <span class='ocrx_word' id='word_1_176' title='bbox 357 2587 468 2652; x_wconf 83' lang='lat' dir='ltr'><strong>salutis</strong></span> <span class='ocrx_word' id='word_1_177' title='bbox 491 2607 588 2653; x_wconf 89' lang='lat' dir='ltr'><strong>causa</strong></span> <span class='ocrx_word' id='word_1_178' title='bbox 614 2589 807 2672; x_wconf 84' lang='lat' dir='ltr'><strong>delegerant:</strong></span> <span class='ocrx_word' id='word_1_179' title='bbox 836 2608 910 2653; x_wconf 92' lang='lat' dir='ltr'><strong>cum</strong></span> <span class='ocrx_word' id='word_1_180' title='bbox 936 2590 986 2654; x_wconf 89' lang='lat' dir='ltr'><strong>his</strong></span> <span class='ocrx_word' id='word_1_181' title='bbox 1012 2591 1048 2654; x_wconf 92' lang='lat' dir='ltr'><strong>in</strong></span> <span class='ocrx_word' id='word_1_182' title='bbox 1073 2591 1226 2676; x_wconf 84' lang='lat' dir='ltr'><strong>proeliise</strong></span> 
     </span>
     <span class='ocr_line' id='line_1_23' title="bbox 143 2694 1201 2781; baseline 0 -19"><span class='ocrx_word' id='word_1_183' title='bbox 143 2694 365 2778; x_wconf 83' lang='lat' dir='ltr'><strong>versabantur,</strong></span> <span class='ocrx_word' id='word_1_184' title='bbox 389 2694 429 2757; x_wconf 93' lang='lat' dir='ltr'><strong>ad</strong></span> <span class='ocrx_word' id='word_1_185' title='bbox 444 2712 498 2758; x_wconf 92' lang='lat' dir='ltr'><strong>eos</strong></span> <span class='ocrx_word' id='word_1_186' title='bbox 514 2713 547 2758; x_wconf 91' lang='lat' dir='ltr'><strong>se</strong></span> <span class='ocrx_word' id='word_1_187' title='bbox 564 2696 687 2777; x_wconf 89' lang='lat' dir='ltr'><strong>equites</strong></span> <span class='ocrx_word' id='word_1_188' title='bbox 701 2695 909 2778; x_wconf 83' lang='lat' dir='ltr'><strong>recipiebant3</strong></span> <span class='ocrx_word' id='word_1_189' title='bbox 933 2697 979 2779; x_wconf 91' lang='lat' dir='ltr'><strong>hi,</strong></span> <span class='ocrx_word' id='word_1_190' title='bbox 997 2697 1026 2762; x_wconf 91' lang='lat' dir='ltr'><strong>si</strong></span> <span class='ocrx_word' id='word_1_191' title='bbox 1041 2698 1120 2781; x_wconf 91' lang='lat' dir='ltr'><strong>quid</strong></span> <span class='ocrx_word' id='word_1_192' title='bbox 1135 2703 1201 2763; x_wconf 91' lang='lat' dir='ltr'><strong>erat</strong></span> 
     </span>
     <span class='ocr_line' id='line_1_24' title="bbox 142 2799 1200 2888; baseline 0.002 -22"><span class='ocrx_word' id='word_1_193' title='bbox 142 2802 269 2885; x_wconf 89' lang='lat' dir='ltr'><strong>durius,</strong></span> <span class='ocrx_word' id='word_1_194' title='bbox 301 2799 544 2883; x_wconf 89' lang='lat' dir='ltr'><strong>concurrebant,</strong></span> <span class='ocrx_word' id='word_1_195' title='bbox 580 2801 609 2864; x_wconf 91' lang='lat' dir='ltr'><strong>si</strong></span> <span class='ocrx_word' id='word_1_196' title='bbox 644 2801 699 2882; x_wconf 91' lang='lat' dir='ltr'><strong>qui</strong></span> <span class='ocrx_word' id='word_1_197' title='bbox 730 2803 875 2884; x_wconf 82' lang='lat' dir='ltr'><strong>graviore</strong></span> <span class='ocrx_word' id='word_1_198' title='bbox 908 2803 1039 2868; x_wconf 82' lang='lat' dir='ltr'><strong>vulnere</strong></span> <span class='ocrx_word' id='word_1_199' title='bbox 1073 2809 1200 2888; x_wconf 88' lang='lat' dir='ltr'><strong>accepto</strong></span> 
     </span>
     <span class='ocr_line' id='line_1_25' title="bbox 142 2905 1227 2993; baseline 0.005 -20"><span class='ocrx_word' id='word_1_200' title='bbox 142 2927 229 2992; x_wconf 87' lang='lat' dir='ltr'><strong>equo</strong></span> <span class='ocrx_word' id='word_1_201' title='bbox 253 2906 423 2989; x_wconf 89' lang='lat' dir='ltr'><strong>deciderat,</strong></span> <span class='ocrx_word' id='word_1_202' title='bbox 446 2905 732 2987; x_wconf 57' lang='lat' dir='ltr'><strong>circumsistebant</strong></span> <span class='ocrx_word' id='word_1_203' title='bbox 756 2908 784 2970; x_wconf 91' lang='lat' dir='ltr'><strong>si</strong></span> <span class='ocrx_word' id='word_1_204' title='bbox 807 2927 869 2991; x_wconf 92' lang='lat' dir='ltr'><strong>quo</strong></span> <span class='ocrx_word' id='word_1_205' title='bbox 894 2912 961 2972; x_wconf 84' lang='lat' dir='ltr'><strong>erat</strong></span> <span class='ocrx_word' id='word_1_206' title='bbox 983 2908 1110 2992; x_wconf 84' lang='lat' dir='ltr'><strong>longius</strong></span> <span class='ocrx_word' id='word_1_207' title='bbox 1129 2929 1227 2993; x_wconf 81' lang='lat' dir='ltr'><strong>pro-r</strong></span> 
     </span>
     <span class='ocr_line' id='line_1_26' title="bbox 147 3011 1201 3097; baseline 0.002 -20"><span class='ocrx_word' id='word_1_208' title='bbox 147 3012 312 3079; x_wconf 85' lang='lat' dir='ltr'><strong>dcundum</strong></span> <span class='ocrx_word' id='word_1_209' title='bbox 330 3016 385 3075; x_wconf 90' lang='lat' dir='ltr'><strong>aut</strong></span> <span class='ocrx_word' id='word_1_210' title='bbox 402 3011 536 3076; x_wconf 88' lang='lat' dir='ltr'><strong>celerius</strong></span> <span class='ocrx_word' id='word_1_211' title='bbox 550 3012 781 3097; x_wconf 88' lang='lat' dir='ltr'><strong>recipiendum,</strong></span> <span class='ocrx_word' id='word_1_212' title='bbox 800 3018 888 3078; x_wconf 87' lang='lat' dir='ltr'><strong>tanta</strong></span> <span class='ocrx_word' id='word_1_213' title='bbox 906 3019 973 3078; x_wconf 86' lang='lat' dir='ltr'><strong>erat</strong></span> <span class='ocrx_word' id='word_1_214' title='bbox 985 3014 1098 3078; x_wconf 91' lang='lat' dir='ltr'><strong>horum</strong></span> <span class='ocrx_word' id='word_1_215' title='bbox 1112 3034 1201 3080; x_wconf 83' lang='lat' dir='ltr'><strong>exer·</strong></span> 
     </span>
     <span class='ocr_line' id='line_1_27' title="bbox 144 3117 1202 3201; baseline 0.001 -17"><span class='ocrx_word' id='word_1_216' title='bbox 144 3119 297 3184; x_wconf 83' lang='lat' dir='ltr'><strong>citatione</strong></span> <span class='ocrx_word' id='word_1_217' title='bbox 329 3117 485 3200; x_wconf 84' lang='lat' dir='ltr'><strong>celeritas,</strong></span> <span class='ocrx_word' id='word_1_218' title='bbox 521 3122 558 3182; x_wconf 91' lang='lat' dir='ltr'><strong>ut</strong></span> <span class='ocrx_word' id='word_1_219' title='bbox 587 3117 671 3182; x_wconf 92' lang='lat' dir='ltr'><strong>iubis</strong></span> <span class='ocrx_word' id='word_1_220' title='bbox 702 3118 857 3184; x_wconf 81' lang='lat' dir='ltr'><strong>sublevati</strong></span> <span class='ocrx_word' id='word_1_221' title='bbox 889 3138 1043 3201; x_wconf 87' lang='lat' dir='ltr'><strong>equorum</strong></span> <span class='ocrx_word' id='word_1_222' title='bbox 1074 3138 1202 3185; x_wconf 90' lang='lat' dir='ltr'><strong>cursum</strong></span> 
     </span>
     <span class='ocr_line' id='line_1_28' title="bbox 144 3225 367 3309; baseline -0.013 -20"><span class='ocrx_word' id='word_1_223' title='bbox 144 3225 367 3309; x_wconf 74' lang='lat' dir='ltr'><strong>adaequarent</strong></span> 
     </span>
    </p>

    <p class='ocr_par' dir='ltr' id='par_1_4' title="bbox 145 3329 1254 3631">
     <span class='ocr_line' id='line_1_29' title="bbox 235 3329 1254 3415; baseline 0.001 -20"><span class='ocrx_word' id='word_1_224' title='bbox 235 3330 302 3395; x_wconf 91' lang='lat' dir='ltr'><strong>Ubi</strong></span> <span class='ocrx_word' id='word_1_225' title='bbox 325 3347 399 3393; x_wconf 91' lang='lat' dir='ltr'><strong>eum</strong></span> <span class='ocrx_word' id='word_1_226' title='bbox 421 3330 530 3394; x_wconf 85' lang='lat' dir='ltr'><strong>castris</strong></span> <span class='ocrx_word' id='word_1_227' title='bbox 553 3349 587 3394; x_wconf 92' lang='lat' dir='ltr'><strong>se</strong></span> <span class='ocrx_word' id='word_1_228' title='bbox 610 3334 718 3394; x_wconf 86' lang='lat' dir='ltr'><strong>tencre</strong></span> <span class='ocrx_word' id='word_1_229' title='bbox 742 3329 856 3395; x_wconf 82' lang='lat' dir='ltr'><strong>Caesar</strong></span> <span class='ocrx_word' id='word_1_230' title='bbox 877 3331 1047 3415; x_wconf 75' lang='lat' dir='ltr'><strong>intellexit,</strong></span> <span class='ocrx_word' id='word_1_231' title='bbox 1070 3352 1111 3398; x_wconf 91' lang='lat' dir='ltr'><strong>ne</strong></span> <span class='ocrx_word' id='word_1_232' title='bbox 1134 3332 1203 3396; x_wconf 91' lang='lat' dir='ltr'><strong>diu·</strong></span> <span class='ocrx_word' id='word_1_233' title='bbox 1221 3350 1254 3405; x_wconf 74' lang='lat' dir='ltr'><strong>lo</strong></span> 
     </span>
     <span class='ocr_line' id='line_1_30' title="bbox 145 3435 1203 3527; baseline 0.004 -26"><span class='ocrx_word' id='word_1_234' title='bbox 145 3437 213 3502; x_wconf 86' lang='lat' dir='ltr'><strong>tius</strong></span> <span class='ocrx_word' id='word_1_235' title='bbox 231 3440 409 3500; x_wconf 89' lang='lat' dir='ltr'><strong>commeatu</strong></span> <span class='ocrx_word' id='word_1_236' title='bbox 423 3435 654 3527; x_wconf 71' lang='lat' dir='ltr'><strong>probiberebu,</strong></span> <span class='ocrx_word' id='word_1_237' title='bbox 672 3435 755 3498; x_wconf 86' lang='lat' dir='ltr'><strong>ultra</strong></span> <span class='ocrx_word' id='word_1_238' title='bbox 770 3455 844 3500; x_wconf 92' lang='lat' dir='ltr'><strong>eum</strong></span> <span class='ocrx_word' id='word_1_239' title='bbox 862 3436 980 3520; x_wconf 91' lang='lat' dir='ltr'><strong>locum,</strong></span> <span class='ocrx_word' id='word_1_240' title='bbox 1000 3457 1063 3520; x_wconf 92' lang='lat' dir='ltr'><strong>quo</strong></span> <span class='ocrx_word' id='word_1_241' title='bbox 1081 3441 1116 3502; x_wconf 92' lang='lat' dir='ltr'><strong>in</strong></span> <span class='ocrx_word' id='word_1_242' title='bbox 1133 3439 1203 3505; x_wconf 90' lang='lat' dir='ltr'><strong>loco</strong></span> 
     </span>
     <span class='ocr_line' id='line_1_31' title="bbox 147 3541 1204 3631; baseline 0.004 -23"><span class='ocrx_word' id='word_1_243' title='bbox 147 3541 302 3608; x_wconf 77' lang='lat' dir='ltr'><strong>Germani</strong></span> <span class='ocrx_word' id='word_1_244' title='bbox 351 3541 570 3623; x_wconf 90' lang='lat' dir='ltr'><strong>consederant,</strong></span> <span class='ocrx_word' id='word_1_245' title='bbox 621 3541 745 3605; x_wconf 74' lang='lat' dir='ltr'><strong>amciter</strong></span> <span class='ocrx_word' id='word_1_246' title='bbox 792 3561 904 3626; x_wconf 91' lang='lat' dir='ltr'><strong>passus</strong></span> <span class='ocrx_word' id='word_1_247' title='bbox 952 3542 1007 3607; x_wconf 78' lang='grc' dir='ltr'><strong>ΒΟ</strong></span> <span class='ocrx_word' id='word_1_248' title='bbox 1058 3545 1097 3609; x_wconf 89' lang='lat' dir='ltr'><strong>ab</strong></span> <span class='ocrx_word' id='word_1_249' title='bbox 1147 3547 1204 3631; x_wconf 93' lang='lat' dir='ltr'><strong>his,</strong></span> 
     </span>
    </p>
   </div>
   <div class='ocr_carea' id='block_1_3' title="bbox 146 3646 1231 4051">
    <p class='ocr_par' dir='ltr' id='par_1_5' title="bbox 146 3646 1231 4051">
     <span class='ocr_line' id='line_1_32' title="bbox 146 3646 1205 3733; baseline 0.004 -20"><span class='ocrx_word' id='word_1_250' title='bbox 146 3648 262 3713; x_wconf 85' lang='lat' dir='ltr'><strong>castris</strong></span> <span class='ocrx_word' id='word_1_251' title='bbox 287 3646 437 3711; x_wconf 92' lang='lat' dir='ltr'><strong>idoneum</strong></span> <span class='ocrx_word' id='word_1_252' title='bbox 468 3647 574 3710; x_wconf 91' lang='lat' dir='ltr'><strong>locum</strong></span> <span class='ocrx_word' id='word_1_253' title='bbox 604 3646 721 3731; x_wconf 82' lang='lat' dir='ltr'><strong>delegit</strong></span> <span class='ocrx_word' id='word_1_254' title='bbox 752 3649 881 3731; x_wconf 91' lang='lat' dir='ltr'><strong>acieque</strong></span> <span class='ocrx_word' id='word_1_255' title='bbox 909 3650 1026 3733; x_wconf 89' lang='lat' dir='ltr'><strong>triplici</strong></span> <span class='ocrx_word' id='word_1_256' title='bbox 1052 3653 1205 3719; x_wconf 88' lang='lat' dir='ltr'><strong>instructa</strong></span> 
     </span>
     <span class='ocr_line' id='line_1_33' title="bbox 152 3753 1231 3836; baseline 0.006 -17"><span class='ocrx_word' id='word_1_257' title='bbox 152 3754 192 3819; x_wconf 88' lang='lat' dir='ltr'><strong>ed</strong></span> <span class='ocrx_word' id='word_1_258' title='bbox 213 3771 288 3818; x_wconf 90' lang='lat' dir='ltr'><strong>enm</strong></span> <span class='ocrx_word' id='word_1_259' title='bbox 308 3753 414 3816; x_wconf 90' lang='lat' dir='ltr'><strong>locum</strong></span> <span class='ocrx_word' id='word_1_260' title='bbox 436 3753 532 3817; x_wconf 78' lang='lat' dir='ltr'><strong>venit</strong></span> <span class='ocrx_word' id='word_1_261' title='bbox 573 3754 705 3836; x_wconf 86' lang='lat' dir='ltr'><strong>primam</strong></span> <span class='ocrx_word' id='word_1_262' title='bbox 728 3757 760 3818; x_wconf 93' lang='lat' dir='ltr'><strong>et</strong></span> <span class='ocrx_word' id='word_1_263' title='bbox 782 3755 955 3819; x_wconf 89' lang='lat' dir='ltr'><strong>secundam</strong></span> <span class='ocrx_word' id='word_1_264' title='bbox 978 3758 1077 3821; x_wconf 88' lang='lat' dir='ltr'><strong>aciem</strong></span> <span class='ocrx_word' id='word_1_265' title='bbox 1099 3760 1134 3822; x_wconf 92' lang='lat' dir='ltr'><strong>in</strong></span> <span class='ocrx_word' id='word_1_266' title='bbox 1157 3780 1231 3826; x_wconf 69' lang='lat' dir='ltr'><strong>rer-2</strong></span> 
     </span>
     <span class='ocr_line' id='line_1_34' title="bbox 152 3860 1231 3944; baseline 0.006 -20"><span class='ocrx_word' id='word_1_267' title='bbox 152 3861 213 3925; x_wconf 88' lang='lat' dir='ltr'><strong>mie</strong></span> <span class='ocrx_word' id='word_1_268' title='bbox 236 3877 317 3944; x_wconf 89' lang='lat' dir='ltr'><strong>esse,</strong></span> <span class='ocrx_word' id='word_1_269' title='bbox 339 3860 463 3923; x_wconf 86' lang='lat' dir='ltr'><strong>tertiam</strong></span> <span class='ocrx_word' id='word_1_270' title='bbox 482 3863 582 3924; x_wconf 88' lang='lat' dir='ltr'><strong>castra</strong></span> <span class='ocrx_word' id='word_1_271' title='bbox 600 3860 725 3923; x_wconf 88' lang='lat' dir='ltr'><strong>munire</strong></span> <span class='ocrx_word' id='word_1_272' title='bbox 743 3861 843 3925; x_wconf 88' lang='lat' dir='ltr'><strong>iussit.</strong></span> <span class='ocrx_word' id='word_1_273' title='bbox 879 3861 930 3925; x_wconf 90' lang='lat' dir='ltr'><strong>hio</strong></span> <span class='ocrx_word' id='word_1_274' title='bbox 948 3862 1037 3927; x_wconf 90' lang='lat' dir='ltr'><strong>locus</strong></span> <span class='ocrx_word' id='word_1_275' title='bbox 1060 3864 1099 3928; x_wconf 89' lang='lat' dir='ltr'><strong>ab</strong></span> <span class='ocrx_word' id='word_1_276' title='bbox 1118 3866 1231 3933; x_wconf 78' lang='lat' dir='ltr'><strong>hostes</strong></span> 
     </span>
     <span class='ocr_line' id='line_1_35' title="bbox 148 3963 1207 4051; baseline 0.007 -21"><span class='ocrx_word' id='word_1_277' title='bbox 148 3965 277 4031; x_wconf 87' lang='lat' dir='ltr'><strong>circiter</strong></span> <span class='ocrx_word' id='word_1_278' title='bbox 306 3983 418 4049; x_wconf 87' lang='lat' dir='ltr'><strong>passus</strong></span> <span class='ocrx_word' id='word_1_279' title='bbox 453 3963 521 4049; x_wconf 83' lang='lat' dir='ltr'><strong>Du,</strong></span> <span class='ocrx_word' id='word_1_280' title='bbox 561 3966 609 4029; x_wconf 91' lang='lat' dir='ltr'><strong>uti</strong></span> <span class='ocrx_word' id='word_1_281' title='bbox 645 3965 765 4030; x_wconf 90' lang='lat' dir='ltr'><strong>dictum</strong></span> <span class='ocrx_word' id='word_1_282' title='bbox 801 3971 861 4051; x_wconf 90' lang='lat' dir='ltr'><strong>est,</strong></span> <span class='ocrx_word' id='word_1_283' title='bbox 900 3968 1014 4034; x_wconf 88' lang='lat' dir='ltr'><strong>aberat.</strong></span> <span class='ocrx_word' id='word_1_284' title='bbox 1073 3990 1110 4036; x_wconf 91' lang='lat' dir='ltr'><strong>eo</strong></span> <span class='ocrx_word' id='word_1_285' title='bbox 1147 3972 1207 4037; x_wconf 89' lang='lat' dir='ltr'><strong>cir·</strong></span> 
     </span>
    </p>
   </div>
   <div class='ocr_carea' id='block_1_4' title="bbox 0 0 1398 4424">
    <p class='ocr_par' dir='ltr' id='par_1_6' title="bbox 0 0 1398 4424">
     <span class='ocr_line' id='line_1_36' title="bbox 0 0 1398 4424; baseline 0 0"><span class='ocrx_word' id='word_1_286' title='bbox 0 0 1398 4424; x_wconf 95' lang='lat' dir='ltr'><strong> </strong></span> 
     </span>
    </p>
   </div>
  </div>
 </body>
</html>
