<?xml version="1.0" encoding="UTF-8"?>
<!DOCTYPE html PUBLIC "-//W3C//DTD XHTML 1.0 Transitional//EN"
    "http://www.w3.org/TR/xhtml1/DTD/xhtml1-transitional.dtd">
<html xmlns="http://www.w3.org/1999/xhtml" xml:lang="en" lang="en">
 <head>
  <title>
</title>
<meta http-equiv="Content-Type" content="text/html;charset=utf-8" />
  <meta name='ocr-system' content='tesseract 3.04.00' />
  <meta name='ocr-capabilities' content='ocr_page ocr_carea ocr_par ocr_line ocrx_word'/>
</head>
<body>
  <div class='ocr_page' id='page_1' title='image "./ciuliicaesarisb02meusgoog_0191.png"; bbox 0 0 2738 4424; ppageno 0'>
   <div class='ocr_carea' id='block_1_1' title="bbox 466 256 1204 329">
    <p class='ocr_par' dir='ltr' id='par_1_1' title="bbox 466 256 1204 329">
     <span class='ocr_line' id='line_1_1' title="bbox 466 256 1204 329; baseline -0.011 -1"><span class='ocrx_word' id='word_1_1' title='bbox 466 273 574 328; x_wconf 79' lang='lat' dir='ltr'>LIBER</span> <span class='ocrx_word' id='word_1_2' title='bbox 591 273 650 328; x_wconf 83' lang='lat' dir='ltr'><strong>VII.</strong></span> <span class='ocrx_word' id='word_1_3' title='bbox 669 273 744 328; x_wconf 81' lang='lat' dir='ltr'><strong>CAP.</strong></span> <span class='ocrx_word' id='word_1_4' title='bbox 762 274 884 329; x_wconf 81' lang='lat'><strong>80-85.</strong></span> <span class='ocrx_word' id='word_1_5' title='bbox 1141 256 1204 321; x_wconf 81' lang='lat'><strong>175</strong></span> 
     </span>
    </p>
   </div>
   <div class='ocr_carea' id='block_1_2' title="bbox 152 433 1232 836">
    <p class='ocr_par' dir='ltr' id='par_1_2' title="bbox 152 433 1232 836">
     <span class='ocr_line' id='line_1_2' title="bbox 153 433 1206 519; baseline -0.002 -20"><span class='ocrx_word' id='word_1_6' title='bbox 153 433 202 499; x_wconf 89' lang='lat' dir='ltr'><strong>his</strong></span> <span class='ocrx_word' id='word_1_7' title='bbox 218 435 423 519; x_wconf 86' lang='lat' dir='ltr'><strong>superiorum</strong></span> <span class='ocrx_word' id='word_1_8' title='bbox 440 440 613 500; x_wconf 88' lang='lat' dir='ltr'><strong>castrorum</strong></span> <span class='ocrx_word' id='word_1_9' title='bbox 630 435 710 500; x_wconf 89' lang='lat' dir='ltr'><strong>situs</strong></span> <span class='ocrx_word' id='word_1_10' title='bbox 726 435 985 517; x_wconf 79' lang='lat' dir='ltr'><strong>munitionesque</strong></span> <span class='ocrx_word' id='word_1_11' title='bbox 1002 438 1206 518; x_wconf 84' lang='lat' dir='ltr'><strong>cognoscunt.</strong></span> 
     </span>
     <span class='ocr_line' id='line_1_3' title="bbox 153 539 1232 625; baseline 0.004 -22"><span class='ocrx_word' id='word_1_12' title='bbox 153 543 221 603; x_wconf 86' lang='lat' dir='ltr'><strong>erat</strong></span> <span class='ocrx_word' id='word_1_13' title='bbox 242 558 262 603; x_wconf 85' lang='lat' dir='ltr'><strong>a</strong></span> <span class='ocrx_word' id='word_1_14' title='bbox 284 539 551 625; x_wconf 87' lang='lat' dir='ltr'><strong>septentrionibus</strong></span> <span class='ocrx_word' id='word_1_15' title='bbox 573 540 674 625; x_wconf 90' lang='lat' dir='ltr'><strong>collis,</strong></span> <span class='ocrx_word' id='word_1_16' title='bbox 698 559 794 624; x_wconf 91' lang='lat' dir='ltr'><strong>quem</strong></span> <span class='ocrx_word' id='word_1_17' title='bbox 811 545 938 625; x_wconf 89' lang='lat' dir='ltr'><strong>propter</strong></span> <span class='ocrx_word' id='word_1_18' title='bbox 953 539 1232 624; x_wconf 77' lang='lat' dir='ltr'><strong>magnitudinem</strong></span> 
     </span>
     <span class='ocr_line' id='line_1_4' title="bbox 152 645 1205 731; baseline 0.001 -22"><span class='ocrx_word' id='word_1_19' title='bbox 152 645 304 710; x_wconf 82' lang='lat' dir='ltr'><strong>circuitus</strong></span> <span class='ocrx_word' id='word_1_20' title='bbox 327 665 420 731; x_wconf 89' lang='lat' dir='ltr'><strong>opere</strong></span> <span class='ocrx_word' id='word_1_21' title='bbox 443 646 660 730; x_wconf 81' lang='lat' dir='ltr'><strong>circumplecti</strong></span> <span class='ocrx_word' id='word_1_22' title='bbox 681 665 748 710; x_wconf 93' lang='lat' dir='ltr'><strong>non</strong></span> <span class='ocrx_word' id='word_1_23' title='bbox 769 649 937 730; x_wconf 87' lang='lat' dir='ltr'><strong>potuerant</strong></span> <span class='ocrx_word' id='word_1_24' title='bbox 956 646 1070 729; x_wconf 91' lang='lat' dir='ltr'><strong>nostri,</strong></span> <span class='ocrx_word' id='word_1_25' title='bbox 1096 662 1205 710; x_wconf 89' lang='lat' dir='ltr'><strong>neces·</strong></span> 
     </span>
     <span class='ocr_line' id='line_1_5' title="bbox 152 750 1205 836; baseline -0.001 -20"><span class='ocrx_word' id='word_1_26' title='bbox 152 752 299 834; x_wconf 77' lang='lat' dir='ltr'><strong>serioque</strong></span> <span class='ocrx_word' id='word_1_27' title='bbox 321 771 423 836; x_wconf 89' lang='lat' dir='ltr'><strong>paene</strong></span> <span class='ocrx_word' id='word_1_28' title='bbox 445 752 556 835; x_wconf 90' lang='lat' dir='ltr'><strong>iniquo</strong></span> <span class='ocrx_word' id='word_1_29' title='bbox 578 751 648 816; x_wconf 89' lang='lat' dir='ltr'><strong>loco</strong></span> <span class='ocrx_word' id='word_1_30' title='bbox 673 757 705 817; x_wconf 88' lang='lat' dir='ltr'><strong>et</strong></span> <span class='ocrx_word' id='word_1_31' title='bbox 725 752 840 817; x_wconf 92' lang='lat' dir='ltr'><strong>leniter</strong></span> <span class='ocrx_word' id='word_1_32' title='bbox 862 751 978 815; x_wconf 87' lang='lat' dir='ltr'><strong>declivi</strong></span> <span class='ocrx_word' id='word_1_33' title='bbox 1000 756 1103 816; x_wconf 84' lang='lat' dir='ltr'><strong>castra</strong></span> <span class='ocrx_word' id='word_1_34' title='bbox 1124 750 1205 815; x_wconf 84' lang='lat' dir='ltr'><strong>fece-</strong></span> 
     </span>
    </p>
   </div>
   <div class='ocr_carea' id='block_1_3' title="bbox 145 855 1255 4013">
    <p class='ocr_par' dir='ltr' id='par_1_3' title="bbox 145 855 1255 4013">
     <span class='ocr_line' id='line_1_6' title="bbox 150 855 1232 941; baseline 0.004 -19"><span class='ocrx_word' id='word_1_35' title='bbox 150 862 230 922; x_wconf 85' lang='lat' dir='ltr'><strong>rant</strong></span> <span class='ocrx_word' id='word_1_36' title='bbox 274 857 353 922; x_wconf 85' lang='lat' dir='ltr'><strong>hcec</strong></span> <span class='ocrx_word' id='word_1_37' title='bbox 379 855 412 922; x_wconf 82' lang='lat' dir='ltr'><strong>O.</strong></span> <span class='ocrx_word' id='word_1_38' title='bbox 431 858 592 922; x_wconf 80' lang='lat' dir='ltr'><strong>Antistius</strong></span> <span class='ocrx_word' id='word_1_39' title='bbox 613 856 758 941; x_wconf 86' lang='lat' dir='ltr'><strong>Reginus</strong></span> <span class='ocrx_word' id='word_1_40' title='bbox 785 862 816 922; x_wconf 87' lang='lat' dir='ltr'><strong>et</strong></span> <span class='ocrx_word' id='word_1_41' title='bbox 843 855 875 920; x_wconf 82' lang='grc' dir='ltr'><strong>Ο.</strong></span> <span class='ocrx_word' id='word_1_42' title='bbox 899 855 1051 922; x_wconf 77' lang='lat' dir='ltr'><strong>Caninius</strong></span> <span class='ocrx_word' id='word_1_43' title='bbox 1072 855 1232 926; x_wconf 87' lang='lat' dir='ltr'><strong>Rebiluss</strong></span> 
     </span>
     <span class='ocr_line' id='line_1_7' title="bbox 149 962 1230 1048; baseline 0.003 -20"><span class='ocrx_word' id='word_1_44' title='bbox 149 963 246 1048; x_wconf 86' lang='lat' dir='ltr'><strong>legati</strong></span> <span class='ocrx_word' id='word_1_45' title='bbox 265 982 338 1028; x_wconf 90' lang='lat' dir='ltr'><strong>cum</strong></span> <span class='ocrx_word' id='word_1_46' title='bbox 358 963 481 1028; x_wconf 90' lang='lat' dir='ltr'><strong>duabus</strong></span> <span class='ocrx_word' id='word_1_47' title='bbox 497 962 678 1048; x_wconf 80' lang='lat' dir='ltr'><strong>legionibus</strong></span> <span class='ocrx_word' id='word_1_48' title='bbox 693 962 886 1040; x_wconf 87' lang='lat' dir='ltr'><strong>obtinebant</strong></span> <span class='ocrx_word' id='word_1_49' title='bbox 923 963 1057 1048; x_wconf 88' lang='lat' dir='ltr'><strong>cognitis</strong></span> <span class='ocrx_word' id='word_1_50' title='bbox 1074 982 1131 1046; x_wconf 93' lang='lat' dir='ltr'><strong>per</strong></span> <span class='ocrx_word' id='word_1_51' title='bbox 1148 982 1230 1033; x_wconf 77' lang='lat' dir='ltr'><strong>err-r</strong></span> 
     </span>
     <span class='ocr_line' id='line_1_8' title="bbox 149 1068 1204 1155; baseline 0.001 -22"><span class='ocrx_word' id='word_1_52' title='bbox 149 1069 322 1153; x_wconf 85' lang='lat' dir='ltr'><strong>ploratores</strong></span> <span class='ocrx_word' id='word_1_53' title='bbox 347 1069 531 1155; x_wconf 84' lang='lat' dir='ltr'><strong>regionibus</strong></span> <span class='ocrx_word' id='word_1_54' title='bbox 558 1070 656 1135; x_wconf 89' lang='lat' dir='ltr'><strong>duces</strong></span> <span class='ocrx_word' id='word_1_55' title='bbox 682 1070 821 1134; x_wconf 91' lang='lat' dir='ltr'><strong>hostium</strong></span> <span class='ocrx_word' id='word_1_56' title='bbox 847 1068 906 1133; x_wconf 81' lang='lat' dir='ltr'><strong>LX</strong></span> <span class='ocrx_word' id='word_1_57' title='bbox 933 1069 1021 1133; x_wconf 90' lang='lat' dir='ltr'><strong>milia</strong></span> <span class='ocrx_word' id='word_1_58' title='bbox 1048 1088 1090 1134; x_wconf 85' lang='lat' dir='ltr'><strong>ex</strong></span> <span class='ocrx_word' id='word_1_59' title='bbox 1117 1070 1204 1134; x_wconf 89' lang='lat' dir='ltr'><strong>omni</strong></span> 
     </span>
     <span class='ocr_line' id='line_1_9' title="bbox 149 1175 1203 1259; baseline -0.001 -19"><span class='ocrx_word' id='word_1_60' title='bbox 149 1194 283 1241; x_wconf 89' lang='lat' dir='ltr'><strong>numero</strong></span> <span class='ocrx_word' id='word_1_61' title='bbox 302 1176 446 1259; x_wconf 91' lang='lat' dir='ltr'><strong>deligunt</strong></span> <span class='ocrx_word' id='word_1_62' title='bbox 463 1195 572 1241; x_wconf 87' lang='lat' dir='ltr'><strong>earum</strong></span> <span class='ocrx_word' id='word_1_63' title='bbox 591 1177 766 1258; x_wconf 84' lang='lat' dir='ltr'><strong>civitatum,</strong></span> <span class='ocrx_word' id='word_1_64' title='bbox 789 1193 870 1257; x_wconf 91' lang='lat' dir='ltr'><strong>quae</strong></span> <span class='ocrx_word' id='word_1_65' title='bbox 887 1175 1060 1238; x_wconf 87' lang='lat' dir='ltr'><strong>maximam</strong></span> <span class='ocrx_word' id='word_1_66' title='bbox 1077 1175 1203 1239; x_wconf 79' lang='lat' dir='ltr'><strong>virtutis</strong></span> 
     </span>
     <span class='ocr_line' id='line_1_10' title="bbox 150 1280 1229 1366; baseline -0.001 -21"><span class='ocrx_word' id='word_1_67' title='bbox 150 1282 333 1365; x_wconf 90' lang='lat' dir='ltr'><strong>opinionem</strong></span> <span class='ocrx_word' id='word_1_68' title='bbox 354 1280 526 1364; x_wconf 79' lang='lat' dir='ltr'><strong>habebant3</strong></span> <span class='ocrx_word' id='word_1_69' title='bbox 551 1281 629 1364; x_wconf 92' lang='lat' dir='ltr'><strong>quid</strong></span> <span class='ocrx_word' id='word_1_70' title='bbox 652 1300 779 1366; x_wconf 92' lang='lat' dir='ltr'><strong>quoque</strong></span> <span class='ocrx_word' id='word_1_71' title='bbox 802 1285 892 1365; x_wconf 92' lang='lat' dir='ltr'><strong>pacto</strong></span> <span class='ocrx_word' id='word_1_72' title='bbox 917 1282 967 1365; x_wconf 88' lang='lat' dir='ltr'><strong>agi</strong></span> <span class='ocrx_word' id='word_1_73' title='bbox 993 1281 1128 1364; x_wconf 85' lang='lat' dir='ltr'><strong>placeat,</strong></span> <span class='ocrx_word' id='word_1_74' title='bbox 1150 1299 1229 1352; x_wconf 75' lang='lat' dir='ltr'><strong>occ</strong></span> 
     </span>
     <span class='ocr_line' id='line_1_11' title="bbox 148 1386 1202 1471; baseline -0.003 -19"><span class='ocrx_word' id='word_1_75' title='bbox 148 1387 232 1454; x_wconf 93' lang='lat' dir='ltr'><strong>culte</strong></span> <span class='ocrx_word' id='word_1_76' title='bbox 254 1389 338 1453; x_wconf 90' lang='lat' dir='ltr'><strong>inter</strong></span> <span class='ocrx_word' id='word_1_77' title='bbox 359 1407 394 1453; x_wconf 86' lang='lat' dir='ltr'><strong>se</strong></span> <span class='ocrx_word' id='word_1_78' title='bbox 409 1388 619 1469; x_wconf 64' lang='lat' dir='ltr'><strong>consumme</strong></span> <span class='ocrx_word' id='word_1_79' title='bbox 643 1387 782 1452; x_wconf 84' lang='lat' dir='ltr'><strong>adeundi</strong></span> <span class='ocrx_word' id='word_1_80' title='bbox 798 1393 922 1471; x_wconf 91' lang='lat' dir='ltr'><strong>tempus</strong></span> <span class='ocrx_word' id='word_1_81' title='bbox 937 1386 1105 1470; x_wconf 90' lang='lat' dir='ltr'><strong>definiunt,</strong></span> <span class='ocrx_word' id='word_1_82' title='bbox 1129 1406 1202 1450; x_wconf 91' lang='lat' dir='ltr'><strong>oum</strong></span> 
     </span>
     <span class='ocr_line' id='line_1_12' title="bbox 147 1492 1230 1577; baseline 0.003 -18"><span class='ocrx_word' id='word_1_83' title='bbox 147 1494 296 1559; x_wconf 90' lang='lat' dir='ltr'><strong>meridies</strong></span> <span class='ocrx_word' id='word_1_84' title='bbox 319 1513 388 1559; x_wconf 90' lang='lat' dir='ltr'><strong>esse</strong></span> <span class='ocrx_word' id='word_1_85' title='bbox 410 1493 565 1558; x_wconf 79' lang='lat' dir='ltr'><strong>rideatur.</strong></span> <span class='ocrx_word' id='word_1_86' title='bbox 602 1494 652 1558; x_wconf 93' lang='lat' dir='ltr'><strong>his</strong></span> <span class='ocrx_word' id='word_1_87' title='bbox 674 1494 773 1577; x_wconf 89' lang='lat' dir='ltr'><strong>copiis</strong></span> <span class='ocrx_word' id='word_1_88' title='bbox 788 1492 1119 1558; x_wconf 85' lang='lat' dir='ltr'><strong>Vercassivellaunum</strong></span> <span class='ocrx_word' id='word_1_89' title='bbox 1141 1492 1230 1562; x_wconf 67' lang='lat' dir='ltr'><strong>tir-e</strong></span> 
     </span>
     <span class='ocr_line' id='line_1_13' title="bbox 146 1598 1201 1684; baseline 0.002 -22"><span class='ocrx_word' id='word_1_90' title='bbox 146 1619 294 1684; x_wconf 83' lang='lat' dir='ltr'><strong>vernum,</strong></span> <span class='ocrx_word' id='word_1_91' title='bbox 320 1619 422 1664; x_wconf 93' lang='lat' dir='ltr'><strong>unum</strong></span> <span class='ocrx_word' id='word_1_92' title='bbox 449 1619 492 1665; x_wconf 83' lang='lat' dir='ltr'><strong>ex</strong></span> <span class='ocrx_word' id='word_1_93' title='bbox 517 1599 584 1664; x_wconf 87' lang='lat'>1111</span> <span class='ocrx_word' id='word_1_94' title='bbox 610 1598 757 1683; x_wconf 89' lang='lat' dir='ltr'><strong>ducibus,</strong></span> <span class='ocrx_word' id='word_1_95' title='bbox 772 1650 774 1654; x_wconf 91' lang='lat'>.</span> <span class='ocrx_word' id='word_1_96' title='bbox 789 1600 1004 1683; x_wconf 90' lang='lat' dir='ltr'><strong>propinquum</strong></span> <span class='ocrx_word' id='word_1_97' title='bbox 1032 1599 1201 1683; x_wconf 87' lang='lat' dir='ltr'><strong>Vercinge-</strong></span> 
     </span>
     <span class='ocr_line' id='line_1_14' title="bbox 147 1704 1227 1791; baseline 0.001 -22"><span class='ocrx_word' id='word_1_98' title='bbox 147 1706 270 1790; x_wconf 90' lang='lat' dir='ltr'><strong>torigis,</strong></span> <span class='ocrx_word' id='word_1_99' title='bbox 291 1704 487 1791; x_wconf 86' lang='lat' dir='ltr'><strong>praeficiunt</strong></span> <span class='ocrx_word' id='word_1_100' title='bbox 528 1705 583 1770; x_wconf 90' lang='lat' dir='ltr'><strong>ille</strong></span> <span class='ocrx_word' id='word_1_101' title='bbox 606 1723 648 1769; x_wconf 86' lang='lat' dir='ltr'><strong>ex</strong></span> <span class='ocrx_word' id='word_1_102' title='bbox 670 1706 781 1770; x_wconf 88' lang='lat' dir='ltr'><strong>castris</strong></span> <span class='ocrx_word' id='word_1_103' title='bbox 803 1706 906 1789; x_wconf 85' lang='lat' dir='ltr'><strong>prima</strong></span> <span class='ocrx_word' id='word_1_104' title='bbox 927 1705 1036 1789; x_wconf 85' lang='lat' dir='ltr'><strong>vigilia</strong></span> <span class='ocrx_word' id='word_1_105' title='bbox 1058 1724 1227 1789; x_wconf 68' lang='lat' dir='ltr'><strong>egressusa</strong></span> 
     </span>
     <span class='ocr_line' id='line_1_15' title="bbox 145 1809 1201 1896; baseline -0.002 -21"><span class='ocrx_word' id='word_1_106' title='bbox 145 1831 241 1896; x_wconf 92' lang='lat' dir='ltr'><strong>prope</strong></span> <span class='ocrx_word' id='word_1_107' title='bbox 264 1812 406 1877; x_wconf 86' lang='lat' dir='ltr'><strong>confecto</strong></span> <span class='ocrx_word' id='word_1_108' title='bbox 429 1811 489 1876; x_wconf 92' lang='lat' dir='ltr'><strong>sub</strong></span> <span class='ocrx_word' id='word_1_109' title='bbox 511 1811 617 1876; x_wconf 87' lang='lat' dir='ltr'><strong>lucem</strong></span> <span class='ocrx_word' id='word_1_110' title='bbox 639 1811 754 1876; x_wconf 88' lang='lat' dir='ltr'><strong>itinere</strong></span> <span class='ocrx_word' id='word_1_111' title='bbox 781 1816 851 1895; x_wconf 89' lang='lat' dir='ltr'><strong>post</strong></span> <span class='ocrx_word' id='word_1_112' title='bbox 872 1816 1012 1876; x_wconf 89' lang='lat' dir='ltr'><strong>montem</strong></span> <span class='ocrx_word' id='word_1_113' title='bbox 1039 1830 1073 1876; x_wconf 89' lang='lat' dir='ltr'><strong>se</strong></span> <span class='ocrx_word' id='word_1_114' title='bbox 1096 1809 1201 1874; x_wconf 75' lang='lat' dir='ltr'><strong>occid·</strong></span> 
     </span>
     <span class='ocr_line' id='line_1_16' title="bbox 145 1915 1199 2001; baseline -0.002 -19"><span class='ocrx_word' id='word_1_115' title='bbox 145 1919 224 1982; x_wconf 83' lang='lat' dir='ltr'><strong>tavit</strong></span> <span class='ocrx_word' id='word_1_116' title='bbox 250 1919 430 2001; x_wconf 85' lang='lat' dir='ltr'><strong>militesque</strong></span> <span class='ocrx_word' id='word_1_117' title='bbox 458 1937 500 1982; x_wconf 83' lang='lat' dir='ltr'><strong>ex</strong></span> <span class='ocrx_word' id='word_1_118' title='bbox 527 1922 682 1981; x_wconf 90' lang='lat' dir='ltr'><strong>nocturno</strong></span> <span class='ocrx_word' id='word_1_119' title='bbox 713 1916 821 1980; x_wconf 82' lang='lat' dir='ltr'><strong>labore</strong></span> <span class='ocrx_word' id='word_1_120' title='bbox 849 1935 918 1981; x_wconf 90' lang='lat' dir='ltr'><strong>sese</strong></span> <span class='ocrx_word' id='word_1_121' title='bbox 944 1915 1074 1981; x_wconf 91' lang='lat' dir='ltr'><strong>reficere</strong></span> <span class='ocrx_word' id='word_1_122' title='bbox 1100 1917 1199 1980; x_wconf 82' lang='lat' dir='ltr'><strong>iussit.</strong></span> 
     </span>
     <span class='ocr_line' id='line_1_17' title="bbox 145 2022 1227 2108; baseline -0.003 -20"><span class='ocrx_word' id='word_1_123' title='bbox 145 2043 218 2088; x_wconf 91' lang='lat' dir='ltr'><strong>cum</strong></span> <span class='ocrx_word' id='word_1_124' title='bbox 240 2026 304 2089; x_wconf 87' lang='lat' dir='ltr'><strong>iam</strong></span> <span class='ocrx_word' id='word_1_125' title='bbox 325 2024 474 2088; x_wconf 91' lang='lat' dir='ltr'><strong>meridies</strong></span> <span class='ocrx_word' id='word_1_126' title='bbox 497 2023 749 2108; x_wconf 87' lang='lat' dir='ltr'><strong>adpropinquare</strong></span> <span class='ocrx_word' id='word_1_127' title='bbox 773 2022 946 2106; x_wconf 87' lang='lat' dir='ltr'><strong>videretur,</strong></span> <span class='ocrx_word' id='word_1_128' title='bbox 969 2023 1009 2085; x_wconf 86' lang='lat' dir='ltr'><strong>ad</strong></span> <span class='ocrx_word' id='word_1_129' title='bbox 1033 2026 1227 2105; x_wconf 70' lang='lat' dir='ltr'><strong>sebastiae</strong></span> 
     </span>
     <span class='ocr_line' id='line_1_18' title="bbox 146 2128 1200 2214; baseline 0 -20"><span class='ocrx_word' id='word_1_130' title='bbox 146 2149 227 2213; x_wconf 83' lang='lat' dir='ltr'><strong>quae</strong></span> <span class='ocrx_word' id='word_1_131' title='bbox 242 2149 338 2214; x_wconf 90' lang='lat' dir='ltr'><strong>supra</strong></span> <span class='ocrx_word' id='word_1_132' title='bbox 353 2129 650 2212; x_wconf 82' lang='lat' dir='ltr'><strong>demonstravimus,</strong></span> <span class='ocrx_word' id='word_1_133' title='bbox 671 2129 845 2209; x_wconf 87' lang='lat' dir='ltr'><strong>contendit;</strong></span> <span class='ocrx_word' id='word_1_134' title='bbox 870 2128 1045 2211; x_wconf 90' lang='lat' dir='ltr'><strong>eodemque</strong></span> <span class='ocrx_word' id='word_1_135' title='bbox 1061 2132 1200 2211; x_wconf 89' lang='lat' dir='ltr'><strong>tempore</strong></span> 
     </span>
     <span class='ocr_line' id='line_1_19' title="bbox 146 2234 1199 2319; baseline 0.001 -21"><span class='ocrx_word' id='word_1_136' title='bbox 146 2236 303 2317; x_wconf 85' lang='lat' dir='ltr'><strong>equitatus</strong></span> <span class='ocrx_word' id='word_1_137' title='bbox 330 2235 370 2300; x_wconf 87' lang='lat' dir='ltr'><strong>ad</strong></span> <span class='ocrx_word' id='word_1_138' title='bbox 397 2239 586 2319; x_wconf 87' lang='lat' dir='ltr'><strong>campestres</strong></span> <span class='ocrx_word' id='word_1_139' title='bbox 612 2235 806 2298; x_wconf 89' lang='lat' dir='ltr'><strong>munitiones</strong></span> <span class='ocrx_word' id='word_1_140' title='bbox 833 2234 981 2300; x_wconf 87' lang='lat' dir='ltr'><strong>accedere</strong></span> <span class='ocrx_word' id='word_1_141' title='bbox 1005 2238 1037 2298; x_wconf 92' lang='lat' dir='ltr'><strong>et</strong></span> <span class='ocrx_word' id='word_1_142' title='bbox 1057 2234 1199 2316; x_wconf 91' lang='lat' dir='ltr'><strong>reliquae</strong></span> 
     </span>
     <span class='ocr_line' id='line_1_20' title="bbox 145 2339 1253 2427; baseline -0.002 -21"><span class='ocrx_word' id='word_1_143' title='bbox 145 2342 253 2427; x_wconf 82' lang='lat' dir='ltr'><strong>copiae</strong></span> <span class='ocrx_word' id='word_1_144' title='bbox 274 2360 331 2426; x_wconf 87' lang='lat' dir='ltr'><strong>pro</strong></span> <span class='ocrx_word' id='word_1_145' title='bbox 350 2343 459 2405; x_wconf 87' lang='lat' dir='ltr'><strong>castris</strong></span> <span class='ocrx_word' id='word_1_146' title='bbox 478 2359 547 2405; x_wconf 89' lang='lat' dir='ltr'><strong>sese</strong></span> <span class='ocrx_word' id='word_1_147' title='bbox 563 2340 728 2405; x_wconf 88' lang='lat' dir='ltr'><strong>ostendere</strong></span> <span class='ocrx_word' id='word_1_148' title='bbox 743 2345 920 2423; x_wconf 88' lang='lat' dir='ltr'><strong>coeperunt.</strong></span> <span class='ocrx_word' id='word_1_149' title='bbox 953 2339 1198 2423; x_wconf 86' lang='lat' dir='ltr'><strong>Vercingetorix</strong></span> <span class='ocrx_word' id='word_1_150' title='bbox 1215 2359 1253 2415; x_wconf 64' lang='lat'><strong>34</strong></span> 
     </span>
     <span class='ocr_line' id='line_1_21' title="bbox 145 2446 1196 2530; baseline -0.004 -17"><span class='ocrx_word' id='word_1_151' title='bbox 145 2468 187 2514; x_wconf 86' lang='lat' dir='ltr'><strong>ex</strong></span> <span class='ocrx_word' id='word_1_152' title='bbox 214 2465 285 2513; x_wconf 86' lang='lat' dir='ltr'><strong>arce</strong></span> <span class='ocrx_word' id='word_1_153' title='bbox 312 2447 441 2513; x_wconf 87' lang='lat' dir='ltr'><strong>Alesiae</strong></span> <span class='ocrx_word' id='word_1_154' title='bbox 472 2466 548 2511; x_wconf 90' lang='lat' dir='ltr'><strong>suos</strong></span> <span class='ocrx_word' id='word_1_155' title='bbox 579 2448 777 2530; x_wconf 89' lang='lat' dir='ltr'><strong>conspicatus</strong></span> <span class='ocrx_word' id='word_1_156' title='bbox 808 2465 851 2510; x_wconf 83' lang='lat' dir='ltr'><strong>ex</strong></span> <span class='ocrx_word' id='word_1_157' title='bbox 881 2446 994 2530; x_wconf 92' lang='lat' dir='ltr'><strong>oppido</strong></span> <span class='ocrx_word' id='word_1_158' title='bbox 1024 2447 1196 2529; x_wconf 81' lang='lat' dir='ltr'><strong>egreditur3</strong></span> 
     </span>
     <span class='ocr_line' id='line_1_22' title="bbox 145 2551 1199 2639; baseline -0.002 -21"><span class='ocrx_word' id='word_1_159' title='bbox 145 2559 257 2639; x_wconf 89' lang='lat' dir='ltr'><strong>crates,</strong></span> <span class='ocrx_word' id='word_1_160' title='bbox 286 2554 462 2638; x_wconf 86' lang='lat' dir='ltr'><strong>longurios,</strong></span> <span class='ocrx_word' id='word_1_161' title='bbox 486 2552 625 2617; x_wconf 87' lang='lat' dir='ltr'><strong>murales</strong></span> <span class='ocrx_word' id='word_1_162' title='bbox 653 2551 749 2617; x_wconf 86' lang='lat' dir='ltr'><strong>falces</strong></span> <span class='ocrx_word' id='word_1_163' title='bbox 773 2551 972 2634; x_wconf 88' lang='lat' dir='ltr'><strong>reliquaque,</strong></span> <span class='ocrx_word' id='word_1_164' title='bbox 999 2570 1080 2634; x_wconf 91' lang='lat' dir='ltr'><strong>quae</strong></span> <span class='ocrx_word' id='word_1_165' title='bbox 1107 2571 1199 2636; x_wconf 88' lang='lat' dir='ltr'><strong>erup·</strong></span> 
     </span>
     <span class='ocr_line' id='line_1_23' title="bbox 145 2659 1225 2744; baseline 0.002 -18"><span class='ocrx_word' id='word_1_166' title='bbox 145 2662 238 2726; x_wconf 90' lang='lat' dir='ltr'><strong>tionis</strong></span> <span class='ocrx_word' id='word_1_167' title='bbox 270 2679 365 2724; x_wconf 88' lang='lat' dir='ltr'><strong>causa</strong></span> <span class='ocrx_word' id='word_1_168' title='bbox 395 2663 571 2744; x_wconf 77' lang='lat' dir='ltr'><strong>paraverat,</strong></span> <span class='ocrx_word' id='word_1_169' title='bbox 602 2659 728 2742; x_wconf 86' lang='lat' dir='ltr'><strong>profert</strong></span> <span class='ocrx_word' id='word_1_170' title='bbox 773 2663 932 2742; x_wconf 90' lang='lat' dir='ltr'><strong>pugnatur</strong></span> <span class='ocrx_word' id='word_1_171' title='bbox 963 2678 1027 2722; x_wconf 93' lang='lat' dir='ltr'><strong>uno</strong></span> <span class='ocrx_word' id='word_1_172' title='bbox 1059 2664 1225 2742; x_wconf 83' lang='lat' dir='ltr'><strong>temperer</strong></span> 
     </span>
     <span class='ocr_line' id='line_1_24' title="bbox 146 2765 1199 2849; baseline -0.003 -17"><span class='ocrx_word' id='word_1_173' title='bbox 146 2767 294 2832; x_wconf 89' lang='lat' dir='ltr'><strong>omnibus</strong></span> <span class='ocrx_word' id='word_1_174' title='bbox 316 2766 394 2830; x_wconf 89' lang='lat' dir='ltr'><strong>locis</strong></span> <span class='ocrx_word' id='word_1_175' title='bbox 414 2769 508 2849; x_wconf 91' lang='lat' dir='ltr'><strong>atque</strong></span> <span class='ocrx_word' id='word_1_176' title='bbox 529 2765 635 2829; x_wconf 90' lang='lat' dir='ltr'><strong>omnia</strong></span> <span class='ocrx_word' id='word_1_177' title='bbox 653 2769 859 2849; x_wconf 88' lang='lat' dir='ltr'><strong>temptantur;</strong></span> <span class='ocrx_word' id='word_1_178' title='bbox 884 2783 965 2847; x_wconf 87' lang='lat' dir='ltr'><strong>quae</strong></span> <span class='ocrx_word' id='word_1_179' title='bbox 984 2765 1115 2830; x_wconf 91' lang='lat' dir='ltr'><strong>minime</strong></span> <span class='ocrx_word' id='word_1_180' title='bbox 1130 2766 1199 2829; x_wconf 87' lang='lat' dir='ltr'><strong>visa</strong></span> 
     </span>
     <span class='ocr_line' id='line_1_25' title="bbox 145 2870 1226 2958; baseline 0.002 -22"><span class='ocrx_word' id='word_1_181' title='bbox 145 2892 217 2958; x_wconf 90' lang='lat' dir='ltr'><strong>pars</strong></span> <span class='ocrx_word' id='word_1_182' title='bbox 231 2872 322 2936; x_wconf 87' lang='lat' dir='ltr'><strong>firma</strong></span> <span class='ocrx_word' id='word_1_183' title='bbox 340 2876 399 2955; x_wconf 89' lang='lat' dir='ltr'><strong>est,</strong></span> <span class='ocrx_word' id='word_1_184' title='bbox 422 2872 485 2936; x_wconf 91' lang='lat' dir='ltr'><strong>huc</strong></span> <span class='ocrx_word' id='word_1_185' title='bbox 504 2871 709 2935; x_wconf 89' lang='lat' dir='ltr'><strong>concurritur.</strong></span> <span class='ocrx_word' id='word_1_186' title='bbox 746 2870 961 2934; x_wconf 87' lang='lat' dir='ltr'><strong>Romanorum</strong></span> <span class='ocrx_word' id='word_1_187' title='bbox 975 2890 1089 2934; x_wconf 89' lang='lat' dir='ltr'><strong>manus</strong></span> <span class='ocrx_word' id='word_1_188' title='bbox 1105 2871 1198 2934; x_wconf 89' lang='lat' dir='ltr'><strong>tantis</strong></span> <span class='ocrx_word' id='word_1_189' title='bbox 1211 2896 1226 2938; x_wconf 85' lang='lat' dir='ltr'><strong>s</strong></span> 
     </span>
     <span class='ocr_line' id='line_1_26' title="bbox 145 2976 1197 3060; baseline -0.005 -17"><span class='ocrx_word' id='word_1_190' title='bbox 145 2978 376 3043; x_wconf 90' lang='lat' dir='ltr'><strong>munitionibus</strong></span> <span class='ocrx_word' id='word_1_191' title='bbox 399 2977 567 3041; x_wconf 82' lang='lat' dir='ltr'><strong>distinetur</strong></span> <span class='ocrx_word' id='word_1_192' title='bbox 592 2996 651 3041; x_wconf 89' lang='lat' dir='ltr'><strong>nec</strong></span> <span class='ocrx_word' id='word_1_193' title='bbox 673 2977 764 3041; x_wconf 85' lang='lat' dir='ltr'><strong>facile</strong></span> <span class='ocrx_word' id='word_1_194' title='bbox 786 2976 931 3060; x_wconf 89' lang='lat' dir='ltr'><strong>pluribus</strong></span> <span class='ocrx_word' id='word_1_195' title='bbox 953 2977 1031 3039; x_wconf 90' lang='lat' dir='ltr'><strong>locis</strong></span> <span class='ocrx_word' id='word_1_196' title='bbox 1054 2976 1197 3039; x_wconf 86' lang='lat' dir='ltr'><strong>occurrit</strong></span> 
     </span>
     <span class='ocr_line' id='line_1_27' title="bbox 145 3082 1225 3164; baseline -0.006 -14"><span class='ocrx_word' id='word_1_197' title='bbox 145 3087 281 3150; x_wconf 90' lang='lat' dir='ltr'><strong>multum</strong></span> <span class='ocrx_word' id='word_1_198' title='bbox 306 3084 346 3148; x_wconf 91' lang='lat' dir='ltr'><strong>ad</strong></span> <span class='ocrx_word' id='word_1_199' title='bbox 373 3082 535 3147; x_wconf 88' lang='lat' dir='ltr'><strong>terrendos</strong></span> <span class='ocrx_word' id='word_1_200' title='bbox 563 3087 687 3146; x_wconf 88' lang='lat' dir='ltr'><strong>nostros</strong></span> <span class='ocrx_word' id='word_1_201' title='bbox 709 3083 793 3146; x_wconf 85' lang='lat' dir='ltr'><strong>valet</strong></span> <span class='ocrx_word' id='word_1_202' title='bbox 815 3083 945 3163; x_wconf 87' lang='lat' dir='ltr'><strong>clamor,</strong></span> <span class='ocrx_word' id='word_1_203' title='bbox 968 3082 1024 3162; x_wconf 91' lang='lat' dir='ltr'><strong>qui</strong></span> <span class='ocrx_word' id='word_1_204' title='bbox 1046 3085 1116 3164; x_wconf 89' lang='lat' dir='ltr'><strong>post</strong></span> <span class='ocrx_word' id='word_1_205' title='bbox 1138 3085 1225 3151; x_wconf 70' lang='lat' dir='ltr'><strong>ter-r</strong></span> 
     </span>
     <span class='ocr_line' id='line_1_28' title="bbox 145 3187 1199 3276; baseline -0.005 -22"><span class='ocrx_word' id='word_1_206' title='bbox 145 3211 222 3276; x_wconf 91' lang='lat' dir='ltr'><strong>gum</strong></span> <span class='ocrx_word' id='word_1_207' title='bbox 243 3188 458 3274; x_wconf 90' lang='lat' dir='ltr'><strong>pugnantibus</strong></span> <span class='ocrx_word' id='word_1_208' title='bbox 481 3189 601 3272; x_wconf 83' lang='lat' dir='ltr'><strong>existit,</strong></span> <span class='ocrx_word' id='word_1_209' title='bbox 625 3189 710 3272; x_wconf 90' lang='lat' dir='ltr'><strong>quod</strong></span> <span class='ocrx_word' id='word_1_210' title='bbox 729 3207 824 3252; x_wconf 88' lang='lat' dir='ltr'><strong>suum</strong></span> <span class='ocrx_word' id='word_1_211' title='bbox 846 3187 1019 3271; x_wconf 85' lang='lat' dir='ltr'><strong>periculum</strong></span> <span class='ocrx_word' id='word_1_212' title='bbox 1043 3187 1077 3250; x_wconf 95' lang='lat' dir='ltr'><strong>in</strong></span> <span class='ocrx_word' id='word_1_213' title='bbox 1096 3187 1199 3250; x_wconf 89' lang='lat' dir='ltr'><strong>aliena</strong></span> 
     </span>
     <span class='ocr_line' id='line_1_29' title="bbox 147 3291 1225 3377; baseline -0.006 -16"><span class='ocrx_word' id='word_1_214' title='bbox 147 3298 253 3362; x_wconf 83' lang='lat' dir='ltr'><strong>vident</strong></span> <span class='ocrx_word' id='word_1_215' title='bbox 267 3297 384 3360; x_wconf 89' lang='lat' dir='ltr'><strong>virtute</strong></span> <span class='ocrx_word' id='word_1_216' title='bbox 403 3300 560 3375; x_wconf 89' lang='lat' dir='ltr'><strong>constare;</strong></span> <span class='ocrx_word' id='word_1_217' title='bbox 585 3295 691 3357; x_wconf 90' lang='lat' dir='ltr'><strong>omnia</strong></span> <span class='ocrx_word' id='word_1_218' title='bbox 714 3293 798 3357; x_wconf 90' lang='lat' dir='ltr'><strong>enim</strong></span> <span class='ocrx_word' id='word_1_219' title='bbox 821 3293 1021 3377; x_wconf 88' lang='lat' dir='ltr'><strong>plerumque,</strong></span> <span class='ocrx_word' id='word_1_220' title='bbox 1045 3311 1125 3374; x_wconf 87' lang='lat' dir='ltr'><strong>quae</strong></span> <span class='ocrx_word' id='word_1_221' title='bbox 1145 3291 1225 3362; x_wconf 72' lang='lat' dir='ltr'><strong>abs</strong></span> 
     </span>
     <span class='ocr_line' id='line_1_30' title="bbox 145 3395 1255 3489; baseline -0.008 -20"><span class='ocrx_word' id='word_1_222' title='bbox 145 3408 232 3489; x_wconf 88' lang='lat' dir='ltr'><strong>sunt,</strong></span> <span class='ocrx_word' id='word_1_223' title='bbox 259 3402 480 3468; x_wconf 80' lang='lat' dir='ltr'><strong>vehementius</strong></span> <span class='ocrx_word' id='word_1_224' title='bbox 507 3400 672 3462; x_wconf 91' lang='lat' dir='ltr'><strong>hominum</strong></span> <span class='ocrx_word' id='word_1_225' title='bbox 700 3404 821 3462; x_wconf 91' lang='lat' dir='ltr'><strong>mentes</strong></span> <span class='ocrx_word' id='word_1_226' title='bbox 848 3397 1040 3481; x_wconf 87' lang='lat' dir='ltr'><strong>perturbant.</strong></span> <span class='ocrx_word' id='word_1_227' title='bbox 1086 3395 1199 3461; x_wconf 85' lang='lat' dir='ltr'><strong>Caesar</strong></span> <span class='ocrx_word' id='word_1_228' title='bbox 1216 3415 1255 3471; x_wconf 68' lang='lat'><strong>85</strong></span> 
     </span>
     <span class='ocr_line' id='line_1_31' title="bbox 146 3504 1198 3588; baseline -0.007 -15"><span class='ocrx_word' id='word_1_229' title='bbox 146 3511 298 3574; x_wconf 92' lang='lat' dir='ltr'><strong>idoneum</strong></span> <span class='ocrx_word' id='word_1_230' title='bbox 328 3508 433 3571; x_wconf 88' lang='lat' dir='ltr'><strong>locum</strong></span> <span class='ocrx_word' id='word_1_231' title='bbox 461 3511 586 3588; x_wconf 88' lang='lat' dir='ltr'><strong>nactus,</strong></span> <span class='ocrx_word' id='word_1_232' title='bbox 614 3504 690 3588; x_wconf 93' lang='lat' dir='ltr'><strong>quid</strong></span> <span class='ocrx_word' id='word_1_233' title='bbox 718 3523 843 3586; x_wconf 82' lang='lat' dir='ltr'><strong>quaque</strong></span> <span class='ocrx_word' id='word_1_234' title='bbox 875 3504 909 3566; x_wconf 91' lang='lat' dir='ltr'><strong>in</strong></span> <span class='ocrx_word' id='word_1_235' title='bbox 942 3508 1030 3586; x_wconf 86' lang='lat' dir='ltr'><strong>parte</strong></span> <span class='ocrx_word' id='word_1_236' title='bbox 1064 3508 1198 3585; x_wconf 88' lang='lat' dir='ltr'><strong>geratur,</strong></span> 
     </span>
     <span class='ocr_line' id='line_1_32' title="bbox 146 3609 1226 3700; baseline -0.004 -20"><span class='ocrx_word' id='word_1_237' title='bbox 146 3616 318 3700; x_wconf 89' lang='lat' dir='ltr'><strong>cognoscit,</strong></span> <span class='ocrx_word' id='word_1_238' title='bbox 341 3611 556 3676; x_wconf 86' lang='lat' dir='ltr'><strong>laborantibus</strong></span> <span class='ocrx_word' id='word_1_239' title='bbox 579 3610 756 3674; x_wconf 88' lang='lat' dir='ltr'><strong>subsidium</strong></span> <span class='ocrx_word' id='word_1_240' title='bbox 784 3609 948 3672; x_wconf 89' lang='lat' dir='ltr'><strong>submittit.</strong></span> <span class='ocrx_word' id='word_1_241' title='bbox 994 3610 1136 3691; x_wconf 87' lang='lat' dir='ltr'><strong>utrisque</strong></span> <span class='ocrx_word' id='word_1_242' title='bbox 1159 3609 1226 3677; x_wconf 84' lang='lat' dir='ltr'><strong>adr</strong></span> 
     </span>
     <span class='ocr_line' id='line_1_33' title="bbox 146 3715 1198 3798; baseline -0.008 -12"><span class='ocrx_word' id='word_1_243' title='bbox 146 3724 288 3786; x_wconf 89' lang='lat' dir='ltr'><strong>animum</strong></span> <span class='ocrx_word' id='word_1_244' title='bbox 319 3719 456 3784; x_wconf 87' lang='lat' dir='ltr'><strong>occurrit</strong></span> <span class='ocrx_word' id='word_1_245' title='bbox 479 3735 581 3780; x_wconf 91' lang='lat' dir='ltr'><strong>unum</strong></span> <span class='ocrx_word' id='word_1_246' title='bbox 605 3734 673 3779; x_wconf 86' lang='lat' dir='ltr'><strong>esse</strong></span> <span class='ocrx_word' id='word_1_247' title='bbox 697 3716 776 3778; x_wconf 92' lang='lat' dir='ltr'><strong>illud</strong></span> <span class='ocrx_word' id='word_1_248' title='bbox 802 3719 939 3798; x_wconf 74' lang='lat' dir='ltr'><strong>tempuS,</strong></span> <span class='ocrx_word' id='word_1_249' title='bbox 967 3735 1030 3798; x_wconf 91' lang='lat' dir='ltr'><strong>quo</strong></span> <span class='ocrx_word' id='word_1_250' title='bbox 1058 3715 1198 3778; x_wconf 81' lang='lat' dir='ltr'><strong>maxime</strong></span> 
     </span>
     <span class='ocr_line' id='line_1_34' title="bbox 145 3821 1228 3904; baseline -0.008 -11"><span class='ocrx_word' id='word_1_251' title='bbox 145 3826 294 3894; x_wconf 89' lang='lat' dir='ltr'><strong>contendi</strong></span> <span class='ocrx_word' id='word_1_252' title='bbox 313 3824 493 3889; x_wconf 76' lang='lat' dir='ltr'><strong>conveniat:</strong></span> <span class='ocrx_word' id='word_1_253' title='bbox 518 3822 611 3903; x_wconf 81' lang='lat' dir='ltr'><strong>Galli,</strong></span> <span class='ocrx_word' id='word_1_254' title='bbox 634 3822 695 3884; x_wconf 92' lang='lat' dir='ltr'><strong>nisi</strong></span> <span class='ocrx_word' id='word_1_255' title='bbox 710 3822 918 3904; x_wconf 85' lang='lat' dir='ltr'><strong>perfregerint</strong></span> <span class='ocrx_word' id='word_1_256' title='bbox 932 3822 1136 3903; x_wconf 75' lang='lat' dir='ltr'><strong>munitioneS,</strong></span> <span class='ocrx_word' id='word_1_257' title='bbox 1160 3821 1228 3890; x_wconf 73' lang='lat' dir='ltr'><strong>dea</strong></span> 
     </span>
     <span class='ocr_line' id='line_1_35' title="bbox 145 3926 1199 4013; baseline -0.009 -15"><span class='ocrx_word' id='word_1_258' title='bbox 145 3935 234 3998; x_wconf 93' lang='lat' dir='ltr'><strong>omni</strong></span> <span class='ocrx_word' id='word_1_259' title='bbox 256 3932 356 3997; x_wconf 86' lang='lat' dir='ltr'><strong>salute</strong></span> <span class='ocrx_word' id='word_1_260' title='bbox 372 3930 552 4013; x_wconf 74' lang='lat' dir='ltr'><strong>desperant,</strong></span> <span class='ocrx_word' id='word_1_261' title='bbox 576 3927 724 4009; x_wconf 87' lang='lat' dir='ltr'><strong>Romani,</strong></span> <span class='ocrx_word' id='word_1_262' title='bbox 747 3928 773 3990; x_wconf 91' lang='lat' dir='ltr'><strong>si</strong></span> <span class='ocrx_word' id='word_1_263' title='bbox 789 3945 857 3990; x_wconf 89' lang='lat' dir='ltr'><strong>rem</strong></span> <span class='ocrx_word' id='word_1_264' title='bbox 873 3926 1081 4009; x_wconf 84' lang='lat' dir='ltr'><strong>obtinuerint,</strong></span> <span class='ocrx_word' id='word_1_265' title='bbox 1104 3926 1199 3990; x_wconf 90' lang='lat' dir='ltr'><strong>finem</strong></span> 
     </span>
    </p>
   </div>
   <div class='ocr_carea' id='block_1_4' title="bbox 0 0 1374 4424">
    <p class='ocr_par' dir='ltr' id='par_1_4' title="bbox 0 0 1374 4424">
     <span class='ocr_line' id='line_1_36' title="bbox 0 0 1374 4424; baseline 0 2"><span class='ocrx_word' id='word_1_266' title='bbox 0 0 1374 4424; x_wconf 95' lang='lat' dir='ltr'><strong> </strong></span> 
     </span>
    </p>
   </div>
  </div>
 </body>
</html>
