2738 4424
138 323 140 328 .
178 269 239 333 196
571 286 676 342 emm
694 287 836 342 emmer

149 446 216 521 2de
238 452 364 532 accepta
387 448 563 514 calamitate
585 450 735 513 nuntium
753 449 904 534 Drappeti
925 449 1084 533 perferret.
1122 446 1232 511 sedin

176 553 373 636 experiundo
392 573 466 618 cum
480 555 660 638 periculum
674 555 800 619 nullum
817 556 950 638 videret,
974 555 1149 637 equitatum
1166 572 1232 616 om·

175 677 250 722 nem
278 657 514 743 Germanosque
541 661 676 744 pedites,
709 680 850 726 summae
877 660 1052 725 velocitatis
1078 660 1231 741 homines,

176 764 217 827 ad
239 770 341 830 castra
362 766 502 830 hostium
516 766 703 850 praemittit;
727 767 794 851 ipse
809 767 968 850 legionem
982 785 1080 831 unam
1099 768 1133 830 in
1148 767 1231 830 trina

149 876 277 944 acastre
304 871 476 956 distribuit,
508 872 640 936 alteram
666 891 775 936 secum
802 873 983 956 expeditam
1010 871 1107 936 ducit
1156 891 1230 936 cum

175 979 305 1060 propius
331 978 437 1042 hostes
459 979 654 1061 accessisset,
682 978 721 1042 ab
746 978 1011 1063 exploratoribus,
1039 997 1119 1061 quos
1140 997 1230 1061 prae·

175 1083 317 1166 miserat,
339 1084 501 1168 cognoscit
523 1088 625 1148 castra
647 1102 770 1167 eorum,
791 1089 828 1149 ut
848 1085 1055 1149 barbarorum
1076 1085 1140 1149 fere
1155 1102 1230 1148 con·

174 1188 309 1254 suetudo
332 1194 392 1272 est,
418 1189 537 1254 relictis
562 1189 641 1254 locis
668 1190 883 1274 superioribus
910 1190 950 1254 ad
971 1192 1057 1275 ripas
1080 1209 1149 1256 esse
1170 1188 1230 1253 flu·

174 1296 270 1358 minis
302 1294 452 1379 demissa,
488 1300 522 1359 at
552 1294 726 1361 Germanos
757 1297 944 1380 equitesque
975 1295 1230 1380 imprudentibus

176 1400 322 1465 omnibus
346 1400 385 1465 de
407 1401 577 1484 improviso
600 1403 763 1467 advolasse
785 1403 1005 1486 proeliumque
1028 1403 1229 1467 commisisse.

148 1525 239 1588 4qua
259 1524 294 1569 re
316 1508 442 1590 cognita
462 1506 622 1590 legionem
648 1513 799 1572 armatam
821 1509 1071 1591 instructamque
1094 1508 1229 1572 adducit

174 1612 220 1675 ita
241 1616 369 1695 repente
392 1612 541 1676 omnibus
564 1614 762 1697 expertibus
784 1615 875 1697 signo
897 1614 969 1678 dato
984 1614 1054 1678 loca
1068 1615 1230 1698 superiora

175 1718 348 1801 capiuntur.
394 1718 480 1800 quod
507 1719 564 1782 ubi
585 1719 713 1803 accidit,
741 1720 890 1785 Germani
917 1721 1104 1803 equitesque
1130 1719 1230 1804 signis

147 1824 308 1907 rlegionis
334 1823 413 1888 visis
435 1824 712 1889 vehementissime
737 1827 939 1908 proeliantur.
985 1826 1151 1891 confestim
1177 1845 1230 1890 co·

173 1931 278 1995 hortes
292 1931 435 2012 undique
449 1931 602 2014 impetum
616 1929 736 1995 faciunt
751 1931 964 2014 omnibusque
984 1937 1039 1995 aut
1058 1931 1230 1997 interiectis

173 2040 229 2100 aut
247 2037 345 2120 captis
364 2054 480 2119 magna
494 2035 611 2120 praeda
624 2036 798 2119 potiuntur.
836 2037 959 2120 capitur
972 2038 1041 2121 ipse
1056 2055 1094 2102 eo
1108 2037 1230 2120 proelio

172 2139 322 2227 Drappes.

120 2267 154 2325 aa
262 2246 413 2312 Caninius
439 2247 619 2312 felicissime
644 2267 680 2313 re
702 2253 790 2332 gesta
812 2250 881 2314 sine
903 2249 969 2314 ullo
997 2268 1097 2333 paene
1119 2248 1230 2314 militis

18 2345 21 2350 ’
146 2354 305 2424 ovulnere
319 2353 360 2417 ad
369 2354 560 2419 obsidendos
569 2354 742 2438 oppidanos
753 2355 922 2420 revertitur
933 2359 1129 2437 externoque
1138 2355 1229 2419 hoste

174 2459 289 2544 deleto,
312 2460 403 2524 cuius
417 2461 531 2524 timore
551 2464 643 2525 antea
664 2459 805 2524 dividere
822 2460 980 2544 praesidia
1002 2464 1034 2525 et
1051 2461 1229 2525 munitione

174 2566 346 2647 oppidanos
368 2565 563 2630 circumdare
585 2565 762 2648 prohibitus
784 2570 863 2650 erat,
887 2585 982 2649 opera
1003 2565 1146 2648 undique
1169 2566 1230 2630 im-

147 2673 263 2753 sperat
284 2670 505 2736 administrari.
546 2672 635 2736 venit
656 2670 766 2735 eodem
791 2691 865 2735 cum
890 2672 956 2736 suis
979 2672 1077 2754 copiis
1103 2677 1229 2756 postero

175 2775 227 2839 die
251 2773 283 2838 Ο.
305 2774 421 2840 Fabius
443 2780 628 2860 partemque
651 2777 759 2860 oppidi
782 2778 879 2842 sumit
901 2776 942 2840 ad
964 2777 1183 2841 obsidendum.

121 2901 157 2959 gg
264 2880 377 2946 Caesar
397 2882 527 2946 interim
546 2880 587 2944 M.
603 2882 780 2945 Antonium
803 2888 1001 2965 quaestorem
1023 2902 1096 2946 cum
1118 2885 1230 2948 cohor·

176 2988 259 3052 tibus
279 2987 343 3052 XV
362 2988 397 3050 in
411 2986 588 3051 Bellovacis
607 2988 771 3071 relinquit,
793 3007 834 3052 ne
857 3008 919 3071 qua
941 3008 1052 3053 rursus
1073 3007 1229 3053 novorum

148 3094 377 3165 sconsiliorum
395 3092 622 3176 capiendorum
639 3092 748 3176 Belgis
767 3094 899 3158 facultas
920 3094 1055 3159 daretur
1091 3095 1159 3179 ipse
1179 3115 1228 3160 re

173 3200 277 3282 liquas
295 3200 437 3264 civitates
456 3199 533 3281 adit,
556 3199 681 3263 obsides
699 3199 807 3283 plures
824 3201 971 3284 imperat,
993 3201 1140 3265 timentes
1163 3220 1229 3264 om-

147 3307 264 3376 anium
279 3307 401 3371 animos
416 3305 630 3370 consolatione
646 3310 744 3369 sanat
778 3325 852 3370 cum
867 3307 901 3368 in
917 3304 1069 3370 Carnutes
1082 3307 1229 3389 venisset,

175 3431 311 3495 quorum
328 3413 363 3475 in
381 3413 508 3476 civitate
528 3412 689 3495 superiore
709 3412 933 3476 commentario
950 3411 1065 3477 Caesar
1083 3413 1231 3496 exposuit

173 3518 302 3583 initium
323 3518 399 3581 belli
422 3537 490 3582 esse
509 3521 626 3600 ortum,
650 3518 736 3599 quod
753 3518 921 3602 praecipue
940 3537 994 3582 eos
1011 3523 1138 3603 propter
1155 3537 1231 3582 con·

174 3625 339 3690 scientiam
364 3624 439 3686 facti
461 3625 571 3687 timere
595 3623 877 3706 animadvertebat,
906 3643 969 3706 quo
992 3625 1126 3689 celerius
1153 3625 1230 3687 civi-

174 3735 271 3795 tatem
294 3731 406 3794 timore
429 3729 588 3813 liberaret,
614 3729 790 3813 principem
813 3729 939 3794 sceleris
961 3730 1047 3794 illius
1071 3734 1103 3795 et
1125 3729 1231 3793 conci-

148 3840 306 3902 rtatorem
324 3835 413 3917 belli,
437 3834 619 3918 Cotuatum
643 3835 682 3898 ad
700 3835 892 3918 supplicium
911 3836 1059 3919 deposcit
1098 3836 1153 3917 qui
1172 3836 1231 3898 etsi

176 3960 216 4006 ne
239 3941 363 4006 civibus
387 3939 516 4025 quidem
543 3940 610 4004 suis
637 3959 671 4005 se
698 3938 927 4026 committebat,
955 3947 1061 4007 tamen
1088 3941 1232 4006 celeriter
