2738 4424
459 237 565 291 LIBER
581 236 617 292 Π.
637 236 712 292 oaP.
733 237 854 293 19-24.
1141 224 1184 287 43

127 401 262 465 utente
288 397 585 480 demonstravimus,
610 399 783 463 interiectis
808 402 992 482 prospectus
1018 399 1186 482 impedire-

128 507 197 586 tur,
219 522 326 586 neque
341 508 426 568 certa
443 503 585 567 subsidia
599 504 758 568 conlocari
776 523 894 588 neque,
910 504 988 586 quid
1008 504 1041 567 in
1059 524 1185 587 quaque

127 614 220 696 parte
243 629 322 694 opus
344 613 438 694 esset,
459 609 619 693 provideri
640 629 745 692 neque
767 609 806 673 ab
834 629 899 674 uno
928 611 1033 673 omnia
1054 611 1187 693 imperia

128 716 346 782 administrari
371 700 525 799 poterant.
569 716 679 797 itaque
705 716 740 778 in
767 720 853 780 unta
884 735 991 781 rerum
1017 717 1212 799 iniquitates

128 823 275 887 fortunae
310 840 438 905 quoque
474 825 607 886 eventus
638 822 720 884 varii
756 821 979 902 sequebantur.
1038 821 1186 905 Legionis
1203 837 1239 894 aa

129 928 237 994 VIIII.
260 932 292 993 et
304 927 346 992 X.
365 927 495 1010 milites,
518 930 554 990 ut
575 927 611 989 in
629 927 758 990 sinistra
780 932 868 1012 parte
891 929 957 992 aoie
973 929 1185 1011 constiterant,

128 1033 203 1120 pilis
225 1033 349 1100 emissis
371 1052 468 1097 eursu
491 1051 528 1099 ee
553 1032 739 1098 lassitudine
766 1034 963 1098 exanimatos
985 1033 1187 1098 vulneribus·

129 1159 194 1224 que
213 1140 372 1205 eonfeetos
391 1139 617 1203 Atrebates-
638 1157 712 1202 nem
731 1139 780 1202 his
804 1159 841 1204 ea
859 1159 932 1223 pars
952 1139 1123 1204 obvenerat
1143 1173 1186 1187 —-

128 1247 274 1312 celeriter
291 1265 333 1310 ex
347 1245 416 1310 loeo
433 1244 595 1328 superiore
615 1245 647 1307 in
668 1243 788 1309 flumen
804 1245 1026 1329 compulerunt
1040 1252 1073 1310 et
1086 1250 1187 1310 trans·

128 1352 178 1417 ire
202 1356 352 1417 conantes
374 1351 511 1415 insecuti
532 1350 648 1434 gladiis
674 1370 821 1434 magnam
844 1356 964 1435 partem
991 1370 1101 1416 eorum
1128 1353 1187 1416 im·

129 1459 269 1544 peditam
283 1457 517 1522 interfecerunt.
561 1457 623 1540 ipsi
638 1458 770 1521 transire
792 1456 911 1522 flumen
935 1477 1000 1522 non
1023 1458 1214 1533 dubitare-2

129 1568 207 1630 runt
237 1568 270 1630 et
304 1566 339 1628 in
374 1563 480 1626 locum
518 1563 666 1646 iniquum
702 1565 861 1647 progressi
896 1584 1007 1628 rursus
1039 1566 1188 1630 resisten·
1292 1582 1300 1595 “

130 1675 180 1736 tea
216 1670 321 1734 hostes
357 1669 568 1753 redintegrato
606 1669 726 1753 proelio
765 1670 799 1733 in
835 1670 943 1754 fugam
975 1673 1186 1736 coniecerrmt

128 1778 208 1842 item
234 1777 296 1840 alia
321 1777 356 1839 in
382 1780 471 1859 parte
500 1775 642 1839 diversae
667 1775 747 1840 duae
774 1776 928 1859 legiones,
954 1776 1013 1841 XI.
1036 1781 1068 1842 et
1089 1777 1213 1860 VHI.,3

130 1882 304 1968 profligatis
343 1881 586 1961 Viromanduis,
629 1881 820 1964 quibuscum
862 1887 952 1946 erant
993 1901 1187 1966 congressae,

130 2009 174 2055 ex
203 1989 273 2053 loco
304 1989 464 2071 superiore
499 1988 534 2050 iu
566 1987 644 2069 ipsis
674 1985 816 2050 fluminis
844 1988 921 2071 ripis
943 1989 1187 2072 proeliabantur.

130 2100 164 2161 at
196 2096 269 2160 totis
299 2095 365 2159 iere
396 2093 506 2157 castris
528 2112 547 2155 a
568 2093 670 2156 fronte
702 2097 735 2157 et
765 2112 785 2156 a
817 2095 944 2157 sinistra
970 2100 1058 2177 parte
1085 2095 1212 2168 nuda-4

129 2202 183 2286 tie,
220 2219 294 2264 eum
330 2199 365 2263 in
402 2198 513 2264 dextro
551 2218 652 2262 eornu
688 2198 770 2282 legio
801 2199 876 2263 ΧΠ.
909 2205 940 2262 et
975 2219 1039 2263 non
1070 2220 1185 2284 magno

130 2307 170 2373 ab
207 2325 245 2372 ea
280 2305 445 2370 intervallo
475 2306 548 2369 Vll
582 2306 785 2384 constitisset,
822 2325 932 2370 omnes
966 2306 1078 2371 Nervii
1112 2326 1186 2370 eou-

129 2412 298 2480 fertissimo
322 2412 447 2495 agmine
471 2411 550 2475 duce
566 2410 784 2494 Boduognato,
808 2413 862 2494 qui
885 2431 1042 2476 summam
1060 2414 1186 2497 imperii

130 2518 270 2600 tenebat,
297 2517 337 2581 ad
364 2536 438 2581 eum
464 2517 571 2580 locum
599 2517 843 2597 contenderunt3
877 2537 1012 2599 quorum
1043 2540 1115 2604 pars
1146 2518 1185 2583 ab

129 2630 237 2709 aperto
249 2624 346 2688 latere
357 2623 499 2706 legiones
511 2624 750 2705 circumvenire,
759 2643 832 2707 pars
843 2643 1003 2688 summum
1014 2633 1187 2691 eastmrum

130 2731 237 2796 locum
250 2735 356 2814 petere
372 2729 483 2812 coepit
506 2726 627 2794 Eodem
643 2734 782 2812 tempore
798 2732 919 2813 equites
931 2734 1030 2796 nostri
1044 2734 1187 2816 levisque
1205 2753 1237 2808 24

129 2841 307 2901 armaturae
328 2835 463 2919 pedites,
492 2836 547 2916 qui
570 2854 644 2900 oum
666 2836 707 2900 iis
729 2855 794 2900 una
815 2837 953 2918 fuerant,
982 2858 1060 2921 quos
1084 2840 1187 2923 primo

131 2942 270 3007 hostium
297 2942 418 3025 impetu
444 2941 552 3025 pulsos
580 2941 735 3022 dixeram,
763 2960 836 3006 cum
864 2962 898 3007 se
924 2944 958 3006 in
987 2951 1088 3008 eastre
1109 2946 1188 3010 reei-

130 3052 254 3134 perent,
282 3047 423 3111 adversis
445 3046 588 3110 hostibus
617 3048 824 3112 occurrebant
845 3067 882 3111 ao
904 3070 1015 3113 rursus
1039 3051 1132 3113 aliam
1154 3052 1188 3113 in

131 3159 253 3239 partem
267 3153 376 3236 fugam
390 3152 547 3238 petebant,
570 3159 602 3217 et
624 3153 762 3235 calones,
787 3156 840 3234 qui
857 3155 895 3218 ab
913 3156 1087 3219 decumana
1101 3162 1216 3239 portae

131 3279 169 3324 ae
196 3279 320 3324 summo
351 3259 428 3343 iugo
461 3259 551 3322 collis
577 3265 708 3323 nostros
737 3261 871 3324 victores
898 3259 1019 3325 flumen
1041 3264 1190 3326 transisse

130 3370 373 3451 eonspexerant,
400 3364 572 3450 praedandi
600 3384 695 3428 causa
723 3367 853 3448 egressi,
882 3386 955 3430 oum
978 3369 1192 3450 respexissent

131 3477 164 3538 et
185 3473 291 3537 hostes
312 3473 348 3536 in
374 3472 490 3535 nostris
518 3472 628 3534 castris
660 3472 779 3534 versari
810 3472 973 3556 vidissent,
1005 3475 1191 3557 praecipites

131 3577 225 3662 fugae
251 3596 320 3643 sese
347 3576 549 3641 mandabant.
595 3576 690 3640 simul
717 3596 841 3658 eorum,
875 3579 932 3660 qui
959 3599 1032 3643 cum
1060 3580 1218 3663 impedi-a

133 3684 249 3749 mentis
276 3684 460 3761 veniebant,
488 3682 606 3746 elamor
633 3683 839 3766 fremitusque
869 3685 1041 3765 oriebatur,
1074 3687 1192 3769 aliique

135 3789 230 3853 aliam
262 3791 296 3852 in
327 3796 447 3873 partem
479 3790 635 3872 perterriti
662 3789 852 3854 ferebantur.
899 3791 1016 3873 quibus
1044 3794 1192 3857 omnibus

132 3895 228 3961 rebus
254 3896 389 3975 permoti
417 3896 539 3977 equites
562 3895 701 3978 Treveri,
730 3916 865 3978 quorum
893 3898 977 3962 inter
1000 3898 1107 3962 Gallos
1130 3901 1221 3967 vir-r
