<?xml version="1.0" encoding="UTF-8"?>
<!DOCTYPE html PUBLIC "-//W3C//DTD XHTML 1.0 Transitional//EN"
    "http://www.w3.org/TR/xhtml1/DTD/xhtml1-transitional.dtd">
<html xmlns="http://www.w3.org/1999/xhtml" xml:lang="en" lang="en">
 <head>
  <title>
</title>
<meta http-equiv="Content-Type" content="text/html;charset=utf-8" />
  <meta name='ocr-system' content='tesseract 3.04.00' />
  <meta name='ocr-capabilities' content='ocr_page ocr_carea ocr_par ocr_line ocrx_word'/>
</head>
<body>
  <div class='ocr_page' id='page_1' title='image "./ciuliicaesarisb02meusgoog_0086.png"; bbox 0 0 2738 4424; ppageno 0'>
   <div class='ocr_carea' id='block_1_1' title="bbox 183 243 841 319">
    <p class='ocr_par' dir='ltr' id='par_1_1' title="bbox 183 243 841 319">
     <span class='ocr_line' id='line_1_1' title="bbox 183 243 841 319; baseline 0.003 -2"><span class='ocrx_word' id='word_1_1' title='bbox 183 244 224 309; x_wconf 78' lang='lat'>70</span> <span class='ocrx_word' id='word_1_2' title='bbox 576 243 841 319; x_wconf 81' lang='lat' dir='ltr'>amirammor</span> 
     </span>
    </p>
   </div>
   <div class='ocr_carea' id='block_1_2' title="bbox 128 420 1242 3993">
    <p class='ocr_par' dir='ltr' id='par_1_2' title="bbox 128 420 1242 3993">
     <span class='ocr_line' id='line_1_2' title="bbox 180 420 1242 507; baseline 0.003 -24"><span class='ocrx_word' id='word_1_3' title='bbox 180 438 288 485; x_wconf 85' lang='lat' dir='ltr'>merus</span> <span class='ocrx_word' id='word_1_4' title='bbox 315 420 453 506; x_wconf 87' lang='lat' dir='ltr'>capitum</span> <span class='ocrx_word' id='word_1_5' title='bbox 480 420 681 489; x_wconf 74' lang='lat' dir='ltr'>CCCCXXX</span> <span class='ocrx_word' id='word_1_6' title='bbox 706 425 832 488; x_wconf 89' lang='lat' dir='ltr'>milium</span> <span class='ocrx_word' id='word_1_7' title='bbox 857 424 981 507; x_wconf 80' lang='lat' dir='ltr'>finisset,</span> <span class='ocrx_word' id='word_1_8' title='bbox 1014 442 1047 489; x_wconf 91' lang='lat' dir='ltr'>se</span> <span class='ocrx_word' id='word_1_9' title='bbox 1074 422 1109 487; x_wconf 92' lang='lat' dir='ltr'>in</span> <span class='ocrx_word' id='word_1_10' title='bbox 1136 423 1242 486; x_wconf 87' lang='lat' dir='ltr'>castra</span> 
     </span>
     <span class='ocr_line' id='line_1_3' title="bbox 154 527 1242 612; baseline 0.001 -22"><span class='ocrx_word' id='word_1_11' title='bbox 154 531 376 610; x_wconf 73' lang='lat' dir='ltr'>arecepenmt</span> <span class='ocrx_word' id='word_1_12' title='bbox 422 527 536 593; x_wconf 85' lang='lat' dir='ltr'>Caesar</span> <span class='ocrx_word' id='word_1_13' title='bbox 558 529 610 612; x_wconf 91' lang='lat' dir='ltr'>iis,</span> <span class='ocrx_word' id='word_1_14' title='bbox 634 547 714 611; x_wconf 89' lang='lat' dir='ltr'>quos</span> <span class='ocrx_word' id='word_1_15' title='bbox 736 531 772 593; x_wconf 93' lang='lat' dir='ltr'>in</span> <span class='ocrx_word' id='word_1_16' title='bbox 794 531 905 596; x_wconf 89' lang='lat' dir='ltr'>castris</span> <span class='ocrx_word' id='word_1_17' title='bbox 926 530 1114 611; x_wconf 77' lang='lat' dir='ltr'>retinuerat,</span> <span class='ocrx_word' id='word_1_18' title='bbox 1138 527 1242 592; x_wconf 88' lang='lat' dir='ltr'>disce-</span> 
     </span>
     <span class='ocr_line' id='line_1_4' title="bbox 154 631 1241 720; baseline -0.002 -22"><span class='ocrx_word' id='word_1_19' title='bbox 154 631 279 698; x_wconf 84' lang='lat' dir='ltr'>edendi</span> <span class='ocrx_word' id='word_1_20' title='bbox 305 638 491 716; x_wconf 86' lang='lat' dir='ltr'>potestatem</span> <span class='ocrx_word' id='word_1_21' title='bbox 521 634 604 700; x_wconf 90' lang='lat' dir='ltr'>fecit</span> <span class='ocrx_word' id='word_1_22' title='bbox 653 635 701 699; x_wconf 92' lang='lat' dir='ltr'>illi</span> <span class='ocrx_word' id='word_1_23' title='bbox 728 636 883 720; x_wconf 90' lang='lat' dir='ltr'>supplicia</span> <span class='ocrx_word' id='word_1_24' title='bbox 914 637 1136 716; x_wconf 79' lang='lat' dir='ltr'>cruciatusque</span> <span class='ocrx_word' id='word_1_25' title='bbox 1164 631 1241 696; x_wconf 85' lang='lat' dir='ltr'>Gal·</span> 
     </span>
     <span class='ocr_line' id='line_1_5' title="bbox 180 737 1240 826; baseline 0.001 -26"><span class='ocrx_word' id='word_1_26' title='bbox 180 737 285 801; x_wconf 91' lang='lat' dir='ltr'>lorum</span> <span class='ocrx_word' id='word_1_27' title='bbox 307 740 412 820; x_wconf 81' lang='lat' dir='ltr'>veriti,</span> <span class='ocrx_word' id='word_1_28' title='bbox 436 757 572 821; x_wconf 91' lang='lat' dir='ltr'>quorum</span> <span class='ocrx_word' id='word_1_29' title='bbox 588 760 680 825; x_wconf 88' lang='lat' dir='ltr'>agros</span> <span class='ocrx_word' id='word_1_30' title='bbox 695 746 901 826; x_wconf 83' lang='lat' dir='ltr'>vexaverant,</span> <span class='ocrx_word' id='word_1_31' title='bbox 924 759 1087 806; x_wconf 90' lang='lat' dir='ltr'>remanere</span> <span class='ocrx_word' id='word_1_32' title='bbox 1103 757 1137 805; x_wconf 90' lang='lat' dir='ltr'>se</span> <span class='ocrx_word' id='word_1_33' title='bbox 1152 737 1240 822; x_wconf 88' lang='lat' dir='ltr'>apud</span> 
     </span>
     <span class='ocr_line' id='line_1_6' title="bbox 182 844 1160 914; baseline 0.001 -7"><span class='ocrx_word' id='word_1_34' title='bbox 182 862 257 907; x_wconf 91' lang='lat' dir='ltr'>eum</span> <span class='ocrx_word' id='word_1_35' title='bbox 279 844 362 909; x_wconf 83' lang='lat' dir='ltr'>velle</span> <span class='ocrx_word' id='word_1_36' title='bbox 384 845 544 910; x_wconf 87' lang='lat' dir='ltr'>dixerunt</span> <span class='ocrx_word' id='word_1_37' title='bbox 589 846 638 911; x_wconf 93' lang='lat' dir='ltr'>his</span> <span class='ocrx_word' id='word_1_38' title='bbox 661 847 776 912; x_wconf 83' lang='lat' dir='ltr'>Caesar</span> <span class='ocrx_word' id='word_1_39' title='bbox 797 847 974 914; x_wconf 86' lang='lat' dir='ltr'>libertatern</span> <span class='ocrx_word' id='word_1_40' title='bbox 996 845 1160 911; x_wconf 80' lang='lat' dir='ltr'>concessit.</span> 
     </span>
     <span class='ocr_line' id='line_1_7' title="bbox 128 949 1240 1022; baseline -0.002 -7"><span class='ocrx_word' id='word_1_41' title='bbox 128 965 165 1022; x_wconf 77' lang='lat' dir='ltr'>lt</span> <span class='ocrx_word' id='word_1_42' title='bbox 270 949 459 1015; x_wconf 82' lang='lat' dir='ltr'>Germanico</span> <span class='ocrx_word' id='word_1_43' title='bbox 481 951 564 1017; x_wconf 92' lang='lat' dir='ltr'>bello</span> <span class='ocrx_word' id='word_1_44' title='bbox 587 953 728 1017; x_wconf 87' lang='lat' dir='ltr'>confecto</span> <span class='ocrx_word' id='word_1_45' title='bbox 742 952 851 1017; x_wconf 90' lang='lat' dir='ltr'>multis</span> <span class='ocrx_word' id='word_1_46' title='bbox 867 953 906 1018; x_wconf 95' lang='lat' dir='ltr'>de</span> <span class='ocrx_word' id='word_1_47' title='bbox 921 953 1025 1018; x_wconf 89' lang='lat' dir='ltr'>causis</span> <span class='ocrx_word' id='word_1_48' title='bbox 1048 951 1162 1017; x_wconf 85' lang='lat' dir='ltr'>Caesar</span> <span class='ocrx_word' id='word_1_49' title='bbox 1175 953 1240 1015; x_wconf 89' lang='lat' dir='ltr'>sta·</span> 
     </span>
     <span class='ocr_line' id='line_1_8' title="bbox 181 1054 1240 1141; baseline -0.001 -21"><span class='ocrx_word' id='word_1_50' title='bbox 181 1056 244 1120; x_wconf 91' lang='lat' dir='ltr'>tuit</span> <span class='ocrx_word' id='word_1_51' title='bbox 274 1056 334 1121; x_wconf 90' lang='lat' dir='ltr'>sibi</span> <span class='ocrx_word' id='word_1_52' title='bbox 366 1054 513 1122; x_wconf 84' lang='lat' dir='ltr'>Rhenum</span> <span class='ocrx_word' id='word_1_53' title='bbox 544 1076 613 1123; x_wconf 87' lang='lat' dir='ltr'>esse</span> <span class='ocrx_word' id='word_1_54' title='bbox 645 1059 887 1140; x_wconf 83' lang='lat' dir='ltr'>transeundum3</span> <span class='ocrx_word' id='word_1_55' title='bbox 925 1077 1061 1141; x_wconf 89' lang='lat' dir='ltr'>quarum</span> <span class='ocrx_word' id='word_1_56' title='bbox 1091 1057 1147 1122; x_wconf 90' lang='lat' dir='ltr'>illa</span> <span class='ocrx_word' id='word_1_57' title='bbox 1177 1055 1240 1119; x_wconf 78' lang='lat' dir='ltr'>tuit</span> 
     </span>
     <span class='ocr_line' id='line_1_9' title="bbox 181 1161 1239 1247; baseline 0.001 -22"><span class='ocrx_word' id='word_1_58' title='bbox 181 1162 365 1246; x_wconf 90' lang='lat' dir='ltr'>iustissima,</span> <span class='ocrx_word' id='word_1_59' title='bbox 393 1162 492 1247; x_wconf 90' lang='lat' dir='ltr'>quod,</span> <span class='ocrx_word' id='word_1_60' title='bbox 520 1183 593 1228; x_wconf 89' lang='lat' dir='ltr'>cum</span> <span class='ocrx_word' id='word_1_61' title='bbox 619 1163 742 1229; x_wconf 83' lang='lat' dir='ltr'>rideret</span> <span class='ocrx_word' id='word_1_62' title='bbox 769 1164 943 1230; x_wconf 84' lang='lat' dir='ltr'>Germanos</span> <span class='ocrx_word' id='word_1_63' title='bbox 970 1169 1035 1229; x_wconf 89' lang='lat' dir='ltr'>tum</span> <span class='ocrx_word' id='word_1_64' title='bbox 1060 1163 1152 1228; x_wconf 90' lang='lat' dir='ltr'>facile</span> <span class='ocrx_word' id='word_1_65' title='bbox 1178 1161 1239 1226; x_wconf 91' lang='lat' dir='ltr'>im·</span> 
     </span>
     <span class='ocr_line' id='line_1_10' title="bbox 181 1267 1238 1354; baseline 0.002 -24"><span class='ocrx_word' id='word_1_66' title='bbox 181 1267 268 1351; x_wconf 89' lang='lat' dir='ltr'>pelli,</span> <span class='ocrx_word' id='word_1_67' title='bbox 291 1268 376 1331; x_wconf 92' lang='lat' dir='ltr'>utin</span> <span class='ocrx_word' id='word_1_68' title='bbox 392 1267 526 1332; x_wconf 81' lang='lat' dir='ltr'>Galliam</span> <span class='ocrx_word' id='word_1_69' title='bbox 540 1270 698 1352; x_wconf 82' lang='lat' dir='ltr'>venirent,</span> <span class='ocrx_word' id='word_1_70' title='bbox 722 1271 789 1335; x_wconf 89' lang='lat' dir='ltr'>suis</span> <span class='ocrx_word' id='word_1_71' title='bbox 804 1289 932 1354; x_wconf 91' lang='lat' dir='ltr'>quoque</span> <span class='ocrx_word' id='word_1_72' title='bbox 946 1270 1042 1336; x_wconf 90' lang='lat' dir='ltr'>rebus</span> <span class='ocrx_word' id='word_1_73' title='bbox 1057 1289 1111 1335; x_wconf 92' lang='lat' dir='ltr'>eos</span> <span class='ocrx_word' id='word_1_74' title='bbox 1126 1269 1238 1333; x_wconf 92' lang='lat' dir='ltr'>timere</span> 
     </span>
     <span class='ocr_line' id='line_1_11' title="bbox 182 1371 1239 1461; baseline 0.001 -26"><span class='ocrx_word' id='word_1_75' title='bbox 182 1371 297 1455; x_wconf 84' lang='lat' dir='ltr'>voluit,</span> <span class='ocrx_word' id='word_1_76' title='bbox 324 1392 397 1437; x_wconf 89' lang='lat' dir='ltr'>omn</span> <span class='ocrx_word' id='word_1_77' title='bbox 418 1373 637 1458; x_wconf 82' lang='lat' dir='ltr'>intellegerent</span> <span class='ocrx_word' id='word_1_78' title='bbox 664 1379 696 1440; x_wconf 88' lang='lat' dir='ltr'>et</span> <span class='ocrx_word' id='word_1_79' title='bbox 720 1395 813 1460; x_wconf 90' lang='lat' dir='ltr'>posse</span> <span class='ocrx_word' id='word_1_80' title='bbox 840 1381 872 1441; x_wconf 92' lang='lat' dir='ltr'>et</span> <span class='ocrx_word' id='word_1_81' title='bbox 898 1373 1015 1442; x_wconf 89' lang='lat' dir='ltr'>audere</span> <span class='ocrx_word' id='word_1_82' title='bbox 1041 1375 1150 1461; x_wconf 90' lang='lat' dir='ltr'>populi</span> <span class='ocrx_word' id='word_1_83' title='bbox 1176 1372 1239 1437; x_wconf 90' lang='lat' dir='ltr'>Ro-</span> 
     </span>
     <span class='ocr_line' id='line_1_12' title="bbox 156 1477 1240 1565; baseline -0.003 -20"><span class='ocrx_word' id='word_1_84' title='bbox 156 1477 269 1545; x_wconf 83' lang='lat' dir='ltr'>amani</span> <span class='ocrx_word' id='word_1_85' title='bbox 296 1480 471 1544; x_wconf 85' lang='lat' dir='ltr'>exercitum</span> <span class='ocrx_word' id='word_1_86' title='bbox 496 1479 644 1544; x_wconf 88' lang='lat' dir='ltr'>Rhenum</span> <span class='ocrx_word' id='word_1_87' title='bbox 670 1483 811 1546; x_wconf 79' lang='lat' dir='ltr'>hansire.</span> <span class='ocrx_word' id='word_1_88' title='bbox 861 1483 992 1547; x_wconf 89' lang='lat' dir='ltr'>accessit</span> <span class='ocrx_word' id='word_1_89' title='bbox 1017 1483 1124 1565; x_wconf 91' lang='lat' dir='ltr'>etiam,</span> <span class='ocrx_word' id='word_1_90' title='bbox 1152 1479 1240 1562; x_wconf 92' lang='lat' dir='ltr'>quod</span> 
     </span>
     <span class='ocr_line' id='line_1_13' title="bbox 181 1583 1240 1671; baseline 0.003 -25"><span class='ocrx_word' id='word_1_91' title='bbox 181 1583 238 1647; x_wconf 92' lang='lat' dir='ltr'>illa</span> <span class='ocrx_word' id='word_1_92' title='bbox 258 1603 332 1668; x_wconf 91' lang='lat' dir='ltr'>pars</span> <span class='ocrx_word' id='word_1_93' title='bbox 354 1585 512 1665; x_wconf 83' lang='lat' dir='ltr'>equitatus</span> <span class='ocrx_word' id='word_1_94' title='bbox 534 1585 703 1670; x_wconf 87' lang='lat' dir='ltr'>Usipetum</span> <span class='ocrx_word' id='word_1_95' title='bbox 725 1592 757 1652; x_wconf 89' lang='lat' dir='ltr'>et</span> <span class='ocrx_word' id='word_1_96' title='bbox 770 1588 1009 1671; x_wconf 78' lang='lat' dir='ltr'>Tencterorum,</span> <span class='ocrx_word' id='word_1_97' title='bbox 1032 1607 1127 1671; x_wconf 89' lang='lat' dir='ltr'>quam</span> <span class='ocrx_word' id='word_1_98' title='bbox 1143 1604 1240 1668; x_wconf 90' lang='lat' dir='ltr'>supra</span> 
     </span>
     <span class='ocr_line' id='line_1_14' title="bbox 183 1691 1240 1777; baseline 0.002 -24"><span class='ocrx_word' id='word_1_99' title='bbox 183 1691 429 1754; x_wconf 85' lang='lat' dir='ltr'>commemorari</span> <span class='ocrx_word' id='word_1_100' title='bbox 464 1691 637 1775; x_wconf 88' lang='lat' dir='ltr'>praedandi</span> <span class='ocrx_word' id='word_1_101' title='bbox 671 1691 950 1777; x_wconf 82' lang='lat' dir='ltr'>frumentandique</span> <span class='ocrx_word' id='word_1_102' title='bbox 987 1712 1082 1758; x_wconf 88' lang='lat' dir='ltr'>causa</span> <span class='ocrx_word' id='word_1_103' title='bbox 1116 1691 1240 1756; x_wconf 80' lang='lat' dir='ltr'>Mosam</span> 
     </span>
     <span class='ocr_line' id='line_1_15' title="bbox 183 1796 1240 1883; baseline 0 -23"><span class='ocrx_word' id='word_1_104' title='bbox 183 1796 333 1861; x_wconf 79' lang='lat' dir='ltr'>transisse</span> <span class='ocrx_word' id='word_1_105' title='bbox 355 1815 460 1879; x_wconf 89' lang='lat' dir='ltr'>neque</span> <span class='ocrx_word' id='word_1_106' title='bbox 481 1798 600 1881; x_wconf 88' lang='lat' dir='ltr'>proelio</span> <span class='ocrx_word' id='word_1_107' title='bbox 623 1798 816 1882; x_wconf 80' lang='lat' dir='ltr'>interfuisse,</span> <span class='ocrx_word' id='word_1_108' title='bbox 838 1804 909 1883; x_wconf 89' lang='lat' dir='ltr'>post</span> <span class='ocrx_word' id='word_1_109' title='bbox 922 1799 1030 1883; x_wconf 83' lang='lat' dir='ltr'>fugam</span> <span class='ocrx_word' id='word_1_110' title='bbox 1052 1816 1184 1863; x_wconf 90' lang='lat' dir='ltr'>suorum</span> <span class='ocrx_word' id='word_1_111' title='bbox 1204 1815 1240 1861; x_wconf 93' lang='lat' dir='ltr'>se</span> 
     </span>
     <span class='ocr_line' id='line_1_16' title="bbox 183 1901 1239 1990; baseline -0.001 -23"><span class='ocrx_word' id='word_1_112' title='bbox 183 1907 270 1967; x_wconf 88' lang='lat' dir='ltr'>trane</span> <span class='ocrx_word' id='word_1_113' title='bbox 291 1901 440 1967; x_wconf 87' lang='lat' dir='ltr'>Rhenum</span> <span class='ocrx_word' id='word_1_114' title='bbox 461 1903 495 1966; x_wconf 93' lang='lat' dir='ltr'>in</span> <span class='ocrx_word' id='word_1_115' title='bbox 516 1901 597 1968; x_wconf 90' lang='lat' dir='ltr'>fines</span> <span class='ocrx_word' id='word_1_116' title='bbox 612 1902 861 1988; x_wconf 79' lang='lat' dir='ltr'>Sugambrorum</span> <span class='ocrx_word' id='word_1_117' title='bbox 878 1909 1039 1990; x_wconf 85' lang='lat' dir='ltr'>receperat</span> <span class='ocrx_word' id='word_1_118' title='bbox 1053 1922 1150 1987; x_wconf 91' lang='lat' dir='ltr'>seque</span> <span class='ocrx_word' id='word_1_119' title='bbox 1165 1917 1239 1966; x_wconf 90' lang='lat' dir='ltr'>cum</span> 
     </span>
     <span class='ocr_line' id='line_1_17' title="bbox 157 2008 1239 2092; baseline -0.001 -19"><span class='ocrx_word' id='word_1_120' title='bbox 157 2008 235 2073; x_wconf 90' lang='lat' dir='ltr'>ahis</span> <span class='ocrx_word' id='word_1_121' title='bbox 257 2009 475 2073; x_wconf 84' lang='lat' dir='ltr'>coniunxerat</span> <span class='ocrx_word' id='word_1_122' title='bbox 520 2009 561 2073; x_wconf 92' lang='lat' dir='ltr'>ad</span> <span class='ocrx_word' id='word_1_123' title='bbox 588 2027 667 2091; x_wconf 90' lang='lat' dir='ltr'>quos</span> <span class='ocrx_word' id='word_1_124' title='bbox 695 2028 769 2074; x_wconf 88' lang='lat' dir='ltr'>oum</span> <span class='ocrx_word' id='word_1_125' title='bbox 796 2008 911 2074; x_wconf 80' lang='lat' dir='ltr'>Caesar</span> <span class='ocrx_word' id='word_1_126' title='bbox 937 2011 1066 2074; x_wconf 91' lang='lat' dir='ltr'>nuntios</span> <span class='ocrx_word' id='word_1_127' title='bbox 1093 2008 1239 2092; x_wconf 88' lang='lat' dir='ltr'>misisset,</span> 
     </span>
     <span class='ocr_line' id='line_1_18' title="bbox 186 2113 1240 2199; baseline 0 -21"><span class='ocrx_word' id='word_1_128' title='bbox 186 2114 241 2198; x_wconf 94' lang='lat' dir='ltr'>qui</span> <span class='ocrx_word' id='word_1_129' title='bbox 261 2114 469 2199; x_wconf 83' lang='lat' dir='ltr'>postularent,</span> <span class='ocrx_word' id='word_1_130' title='bbox 496 2133 563 2198; x_wconf 91' lang='lat' dir='ltr'>eos,</span> <span class='ocrx_word' id='word_1_131' title='bbox 591 2115 648 2197; x_wconf 91' lang='lat' dir='ltr'>qui</span> <span class='ocrx_word' id='word_1_132' title='bbox 675 2115 736 2180; x_wconf 91' lang='lat' dir='ltr'>sibi</span> <span class='ocrx_word' id='word_1_133' title='bbox 759 2115 942 2197; x_wconf 81' lang='lat' dir='ltr'>Galliaeque</span> <span class='ocrx_word' id='word_1_134' title='bbox 968 2115 1089 2180; x_wconf 92' lang='lat' dir='ltr'>bellum</span> <span class='ocrx_word' id='word_1_135' title='bbox 1114 2113 1240 2179; x_wconf 87' lang='lat' dir='ltr'>intulis·</span> 
     </span>
     <span class='ocr_line' id='line_1_19' title="bbox 157 2220 1240 2305; baseline -0.001 -21"><span class='ocrx_word' id='word_1_136' title='bbox 157 2224 268 2302; x_wconf 70' lang='lat' dir='ltr'>ssent,</span> <span class='ocrx_word' id='word_1_137' title='bbox 295 2220 355 2284; x_wconf 92' lang='lat' dir='ltr'>sibi</span> <span class='ocrx_word' id='word_1_138' title='bbox 383 2220 545 2303; x_wconf 91' lang='lat' dir='ltr'>dederent,</span> <span class='ocrx_word' id='word_1_139' title='bbox 572 2220 817 2304; x_wconf 90' lang='lat' dir='ltr'>responderunt:</span> <span class='ocrx_word' id='word_1_140' title='bbox 844 2221 954 2305; x_wconf 91' lang='lat' dir='ltr'>populi</span> <span class='ocrx_word' id='word_1_141' title='bbox 979 2220 1115 2285; x_wconf 89' lang='lat' dir='ltr'>Romani</span> <span class='ocrx_word' id='word_1_142' title='bbox 1139 2221 1240 2304; x_wconf 93' lang='lat' dir='ltr'>impe-</span> 
     </span>
     <span class='ocr_line' id='line_1_20' title="bbox 184 2325 1240 2408; baseline -0.002 -18"><span class='ocrx_word' id='word_1_143' title='bbox 184 2327 268 2390; x_wconf 90' lang='lat' dir='ltr'>rium</span> <span class='ocrx_word' id='word_1_144' title='bbox 289 2325 438 2391; x_wconf 89' lang='lat' dir='ltr'>Rhenum</span> <span class='ocrx_word' id='word_1_145' title='bbox 464 2325 570 2408; x_wconf 89' lang='lat' dir='ltr'>finire;</span> <span class='ocrx_word' id='word_1_146' title='bbox 599 2327 628 2392; x_wconf 90' lang='lat' dir='ltr'>si</span> <span class='ocrx_word' id='word_1_147' title='bbox 654 2345 688 2391; x_wconf 91' lang='lat' dir='ltr'>se</span> <span class='ocrx_word' id='word_1_148' title='bbox 713 2327 814 2391; x_wconf 84' lang='lat' dir='ltr'>inrito</span> <span class='ocrx_word' id='word_1_149' title='bbox 843 2325 1016 2391; x_wconf 82' lang='lat' dir='ltr'>Germanos</span> <span class='ocrx_word' id='word_1_150' title='bbox 1042 2327 1077 2389; x_wconf 92' lang='lat' dir='ltr'>in</span> <span class='ocrx_word' id='word_1_151' title='bbox 1104 2325 1240 2390; x_wconf 84' lang='lat' dir='ltr'>Galliam</span> 
     </span>
     <span class='ocr_line' id='line_1_21' title="bbox 185 2432 1239 2518; baseline 0 -23"><span class='ocrx_word' id='word_1_152' title='bbox 185 2432 318 2496; x_wconf 89' lang='lat' dir='ltr'>transire</span> <span class='ocrx_word' id='word_1_153' title='bbox 340 2450 406 2495; x_wconf 93' lang='lat' dir='ltr'>non</span> <span class='ocrx_word' id='word_1_154' title='bbox 429 2450 567 2513; x_wconf 90' lang='lat' dir='ltr'>aequum</span> <span class='ocrx_word' id='word_1_155' title='bbox 589 2433 796 2518; x_wconf 81' lang='lat' dir='ltr'>existimaret,</span> <span class='ocrx_word' id='word_1_156' title='bbox 820 2433 949 2498; x_wconf 88' lang='lat' dir='ltr'>cursui</span> <span class='ocrx_word' id='word_1_157' title='bbox 973 2432 1144 2515; x_wconf 89' lang='lat' dir='ltr'>quicquam</span> <span class='ocrx_word' id='word_1_158' title='bbox 1170 2449 1239 2496; x_wconf 90' lang='lat' dir='ltr'>esse</span> 
     </span>
     <span class='ocr_line' id='line_1_22' title="bbox 157 2535 1239 2623; baseline 0.001 -22"><span class='ocrx_word' id='word_1_159' title='bbox 157 2537 309 2620; x_wconf 83' lang='lat' dir='ltr'>simperii</span> <span class='ocrx_word' id='word_1_160' title='bbox 340 2542 395 2600; x_wconf 91' lang='lat' dir='ltr'>aut</span> <span class='ocrx_word' id='word_1_161' title='bbox 425 2538 586 2621; x_wconf 88' lang='lat' dir='ltr'>potestatis</span> <span class='ocrx_word' id='word_1_162' title='bbox 620 2543 706 2603; x_wconf 90' lang='lat' dir='ltr'>trans</span> <span class='ocrx_word' id='word_1_163' title='bbox 736 2538 885 2604; x_wconf 90' lang='lat' dir='ltr'>Rhenum</span> <span class='ocrx_word' id='word_1_164' title='bbox 915 2538 1109 2623; x_wconf 82' lang='lat' dir='ltr'>postularet?</span> <span class='ocrx_word' id='word_1_165' title='bbox 1163 2535 1239 2602; x_wconf 91' lang='lat' dir='ltr'>Ubii</span> 
     </span>
     <span class='ocr_line' id='line_1_23' title="bbox 185 2642 1239 2726; baseline 0.003 -22"><span class='ocrx_word' id='word_1_166' title='bbox 185 2645 303 2724; x_wconf 90' lang='lat' dir='ltr'>autem,</span> <span class='ocrx_word' id='word_1_167' title='bbox 336 2642 392 2725; x_wconf 90' lang='lat' dir='ltr'>qui</span> <span class='ocrx_word' id='word_1_168' title='bbox 422 2643 480 2705; x_wconf 92' lang='lat' dir='ltr'>uni</span> <span class='ocrx_word' id='word_1_169' title='bbox 510 2663 553 2708; x_wconf 82' lang='lat' dir='ltr'>ex</span> <span class='ocrx_word' id='word_1_170' title='bbox 577 2643 825 2709; x_wconf 75' lang='lat' dir='ltr'>Transrhenanis</span> <span class='ocrx_word' id='word_1_171' title='bbox 856 2644 896 2708; x_wconf 93' lang='lat' dir='ltr'>ad</span> <span class='ocrx_word' id='word_1_172' title='bbox 924 2642 1089 2709; x_wconf 82' lang='lat' dir='ltr'>Caesarem</span> <span class='ocrx_word' id='word_1_173' title='bbox 1119 2642 1239 2726; x_wconf 90' lang='lat' dir='ltr'>legatos</span> 
     </span>
     <span class='ocr_line' id='line_1_24' title="bbox 184 2747 1238 2833; baseline 0.003 -23"><span class='ocrx_word' id='word_1_174' title='bbox 184 2747 347 2831; x_wconf 91' lang='lat' dir='ltr'>miserant,</span> <span class='ocrx_word' id='word_1_175' title='bbox 363 2748 534 2812; x_wconf 87' lang='lat' dir='ltr'>amicitiam</span> <span class='ocrx_word' id='word_1_176' title='bbox 548 2748 698 2831; x_wconf 75' lang='lat' dir='ltr'>fecerant,</span> <span class='ocrx_word' id='word_1_177' title='bbox 722 2748 846 2814; x_wconf 90' lang='lat' dir='ltr'>obsides</span> <span class='ocrx_word' id='word_1_178' title='bbox 862 2749 1026 2833; x_wconf 91' lang='lat' dir='ltr'>dederant,</span> <span class='ocrx_word' id='word_1_179' title='bbox 1048 2766 1238 2832; x_wconf 82' lang='lat' dir='ltr'>magnopere</span> 
     </span>
     <span class='ocr_line' id='line_1_25' title="bbox 185 2851 1238 2938; baseline 0.001 -21"><span class='ocrx_word' id='word_1_180' title='bbox 185 2851 329 2935; x_wconf 90' lang='lat' dir='ltr'>orabant,</span> <span class='ocrx_word' id='word_1_181' title='bbox 350 2857 388 2917; x_wconf 91' lang='lat' dir='ltr'>ut</span> <span class='ocrx_word' id='word_1_182' title='bbox 408 2854 469 2918; x_wconf 88' lang='lat' dir='ltr'>sibi</span> <span class='ocrx_word' id='word_1_183' title='bbox 492 2853 648 2916; x_wconf 84' lang='lat' dir='ltr'>auxilium</span> <span class='ocrx_word' id='word_1_184' title='bbox 670 2853 777 2937; x_wconf 89' lang='lat' dir='ltr'>ferret,</span> <span class='ocrx_word' id='word_1_185' title='bbox 801 2856 886 2937; x_wconf 93' lang='lat' dir='ltr'>quod</span> <span class='ocrx_word' id='word_1_186' title='bbox 902 2855 1040 2938; x_wconf 85' lang='lat' dir='ltr'>graviter</span> <span class='ocrx_word' id='word_1_187' title='bbox 1062 2854 1101 2919; x_wconf 93' lang='lat' dir='ltr'>ab</span> <span class='ocrx_word' id='word_1_188' title='bbox 1124 2852 1238 2918; x_wconf 87' lang='lat' dir='ltr'>Suebis</span> 
     </span>
     <span class='ocr_line' id='line_1_26' title="bbox 158 2957 1237 3044; baseline 0.002 -20"><span class='ocrx_word' id='word_1_189' title='bbox 158 2963 416 3043; x_wconf 81' lang='lat' dir='ltr'>epremerentur3</span> <span class='ocrx_word' id='word_1_190' title='bbox 440 2958 502 3043; x_wconf 87' lang='lat' dir='ltr'>vel,</span> <span class='ocrx_word' id='word_1_191' title='bbox 524 2959 553 3022; x_wconf 93' lang='lat' dir='ltr'>si</span> <span class='ocrx_word' id='word_1_192' title='bbox 574 2957 609 3022; x_wconf 92' lang='lat' dir='ltr'>id</span> <span class='ocrx_word' id='word_1_193' title='bbox 630 2957 734 3024; x_wconf 91' lang='lat' dir='ltr'>facere</span> <span class='ocrx_word' id='word_1_194' title='bbox 750 2959 1009 3043; x_wconf 91' lang='lat' dir='ltr'>occupationibus</span> <span class='ocrx_word' id='word_1_195' title='bbox 1030 2960 1237 3044; x_wconf 88' lang='lat' dir='ltr'>reipublicae</span> 
     </span>
     <span class='ocr_line' id='line_1_27' title="bbox 184 3064 1238 3150; baseline 0.001 -21"><span class='ocrx_word' id='word_1_196' title='bbox 184 3064 416 3150; x_wconf 88' lang='lat' dir='ltr'>prohiberetur,</span> <span class='ocrx_word' id='word_1_197' title='bbox 443 3065 619 3130; x_wconf 82' lang='lat' dir='ltr'>exercitum</span> <span class='ocrx_word' id='word_1_198' title='bbox 646 3065 740 3128; x_wconf 91' lang='lat' dir='ltr'>modo</span> <span class='ocrx_word' id='word_1_199' title='bbox 766 3064 916 3129; x_wconf 90' lang='lat' dir='ltr'>Rhenum</span> <span class='ocrx_word' id='word_1_200' title='bbox 941 3069 1178 3148; x_wconf 82' lang='lat' dir='ltr'>transportaret:</span> <span class='ocrx_word' id='word_1_201' title='bbox 1204 3065 1238 3130; x_wconf 92' lang='lat' dir='ltr'>id</span> 
     </span>
     <span class='ocr_line' id='line_1_28' title="bbox 185 3170 1237 3256; baseline -0.002 -20"><span class='ocrx_word' id='word_1_202' title='bbox 185 3171 248 3237; x_wconf 90' lang='lat' dir='ltr'>sibi</span> <span class='ocrx_word' id='word_1_203' title='bbox 268 3170 311 3234; x_wconf 90' lang='lat' dir='ltr'>ad</span> <span class='ocrx_word' id='word_1_204' title='bbox 329 3171 484 3235; x_wconf 75' lang='lat' dir='ltr'>auxilium</span> <span class='ocrx_word' id='word_1_205' title='bbox 507 3188 660 3254; x_wconf 90' lang='lat' dir='ltr'>spemque</span> <span class='ocrx_word' id='word_1_206' title='bbox 683 3170 799 3252; x_wconf 90' lang='lat' dir='ltr'>reliqui</span> <span class='ocrx_word' id='word_1_207' title='bbox 817 3171 968 3256; x_wconf 90' lang='lat' dir='ltr'>temporis</span> <span class='ocrx_word' id='word_1_208' title='bbox 987 3173 1062 3236; x_wconf 87' lang='lat' dir='ltr'>satis</span> <span class='ocrx_word' id='word_1_209' title='bbox 1085 3173 1237 3236; x_wconf 87' lang='lat' dir='ltr'>futurum.</span> 
     </span>
     <span class='ocr_line' id='line_1_29' title="bbox 159 3276 1238 3359; baseline -0.001 -16"><span class='ocrx_word' id='word_1_210' title='bbox 159 3281 307 3343; x_wconf 73' lang='lat' dir='ltr'>rantum</span> <span class='ocrx_word' id='word_1_211' title='bbox 330 3294 399 3343; x_wconf 90' lang='lat' dir='ltr'>esse</span> <span class='ocrx_word' id='word_1_212' title='bbox 420 3294 536 3341; x_wconf 91' lang='lat' dir='ltr'>nomen</span> <span class='ocrx_word' id='word_1_213' title='bbox 559 3280 654 3358; x_wconf 86' lang='lat' dir='ltr'>atque</span> <span class='ocrx_word' id='word_1_214' title='bbox 678 3276 858 3359; x_wconf 90' lang='lat' dir='ltr'>opinionem</span> <span class='ocrx_word' id='word_1_215' title='bbox 881 3277 950 3342; x_wconf 89' lang='lat' dir='ltr'>eius</span> <span class='ocrx_word' id='word_1_216' title='bbox 972 3277 1131 3343; x_wconf 86' lang='lat' dir='ltr'>exercitus</span> <span class='ocrx_word' id='word_1_217' title='bbox 1145 3279 1238 3342; x_wconf 82' lang='lat' dir='ltr'>Ario·</span> 
     </span>
     <span class='ocr_line' id='line_1_30' title="bbox 184 3382 1237 3466; baseline 0 -19"><span class='ocrx_word' id='word_1_218' title='bbox 184 3384 266 3447; x_wconf 89' lang='lat' dir='ltr'>risto</span> <span class='ocrx_word' id='word_1_219' title='bbox 288 3382 379 3466; x_wconf 90' lang='lat' dir='ltr'>pulso</span> <span class='ocrx_word' id='word_1_220' title='bbox 402 3386 435 3447; x_wconf 91' lang='lat' dir='ltr'>et</span> <span class='ocrx_word' id='word_1_221' title='bbox 455 3382 516 3446; x_wconf 91' lang='lat' dir='ltr'>hoc</span> <span class='ocrx_word' id='word_1_222' title='bbox 537 3383 710 3446; x_wconf 81' lang='lat' dir='ltr'>novissimo</span> <span class='ocrx_word' id='word_1_223' title='bbox 732 3383 851 3466; x_wconf 88' lang='lat' dir='ltr'>proelio</span> <span class='ocrx_word' id='word_1_224' title='bbox 878 3383 960 3448; x_wconf 86' lang='lat' dir='ltr'>facto</span> <span class='ocrx_word' id='word_1_225' title='bbox 983 3384 1079 3448; x_wconf 92' lang='lat' dir='ltr'>etiam</span> <span class='ocrx_word' id='word_1_226' title='bbox 1101 3383 1142 3447; x_wconf 92' lang='lat' dir='ltr'>ad</span> <span class='ocrx_word' id='word_1_227' title='bbox 1163 3383 1237 3447; x_wconf 90' lang='lat' dir='ltr'>ulti·</span> 
     </span>
     <span class='ocr_line' id='line_1_31' title="bbox 185 3487 1237 3573; baseline -0.001 -21"><span class='ocrx_word' id='word_1_228' title='bbox 185 3506 253 3552; x_wconf 89' lang='lat' dir='ltr'>mas</span> <span class='ocrx_word' id='word_1_229' title='bbox 276 3487 505 3561; x_wconf 83' lang='lat' dir='ltr'>Germanorum</span> <span class='ocrx_word' id='word_1_230' title='bbox 519 3488 678 3572; x_wconf 90' lang='lat' dir='ltr'>nationes,</span> <span class='ocrx_word' id='word_1_231' title='bbox 700 3488 747 3551; x_wconf 92' lang='lat' dir='ltr'>uti</span> <span class='ocrx_word' id='word_1_232' title='bbox 765 3489 912 3572; x_wconf 92' lang='lat' dir='ltr'>opinione</span> <span class='ocrx_word' id='word_1_233' title='bbox 931 3494 963 3554; x_wconf 90' lang='lat' dir='ltr'>et</span> <span class='ocrx_word' id='word_1_234' title='bbox 977 3490 1114 3554; x_wconf 89' lang='lat' dir='ltr'>amicitia</span> <span class='ocrx_word' id='word_1_235' title='bbox 1129 3488 1237 3573; x_wconf 90' lang='lat' dir='ltr'>populi</span> 
     </span>
     <span class='ocr_line' id='line_1_32' title="bbox 158 3591 1237 3679; baseline -0.002 -21"><span class='ocrx_word' id='word_1_236' title='bbox 158 3591 321 3658; x_wconf 89' lang='lat' dir='ltr'>sRomani</span> <span class='ocrx_word' id='word_1_237' title='bbox 346 3593 406 3657; x_wconf 92' lang='lat' dir='ltr'>tuti</span> <span class='ocrx_word' id='word_1_238' title='bbox 433 3611 502 3658; x_wconf 89' lang='lat' dir='ltr'>esse</span> <span class='ocrx_word' id='word_1_239' title='bbox 527 3596 665 3677; x_wconf 87' lang='lat' dir='ltr'>possent</span> <span class='ocrx_word' id='word_1_240' title='bbox 714 3594 843 3657; x_wconf 86' lang='lat' dir='ltr'>navium</span> <span class='ocrx_word' id='word_1_241' title='bbox 871 3614 1017 3679; x_wconf 85' lang='lat' dir='ltr'>magnam</span> <span class='ocrx_word' id='word_1_242' title='bbox 1044 3596 1166 3678; x_wconf 91' lang='lat' dir='ltr'>copiam</span> <span class='ocrx_word' id='word_1_243' title='bbox 1196 3593 1237 3657; x_wconf 92' lang='lat' dir='ltr'>ad</span> 
     </span>
     <span class='ocr_line' id='line_1_33' title="bbox 132 3698 1237 3783; baseline -0.005 -15"><span class='ocrx_word' id='word_1_244' title='bbox 132 3713 167 3768; x_wconf 72' lang='lat'>1⁷</span> <span class='ocrx_word' id='word_1_245' title='bbox 186 3698 461 3783; x_wconf 86' lang='lat' dir='ltr'>transportandum</span> <span class='ocrx_word' id='word_1_246' title='bbox 493 3699 668 3764; x_wconf 87' lang='lat' dir='ltr'>exercitum</span> <span class='ocrx_word' id='word_1_247' title='bbox 694 3698 931 3782; x_wconf 88' lang='lat' dir='ltr'>pollicebantur.</span> <span class='ocrx_word' id='word_1_248' title='bbox 981 3698 1096 3764; x_wconf 83' lang='lat' dir='ltr'>Caesar</span> <span class='ocrx_word' id='word_1_249' title='bbox 1122 3699 1171 3763; x_wconf 89' lang='lat' dir='ltr'>his</span> <span class='ocrx_word' id='word_1_250' title='bbox 1198 3698 1237 3763; x_wconf 92' lang='lat' dir='ltr'>de</span> 
     </span>
     <span class='ocr_line' id='line_1_34' title="bbox 186 3804 1235 3890; baseline 0.002 -22"><span class='ocrx_word' id='word_1_251' title='bbox 186 3805 301 3888; x_wconf 90' lang='lat' dir='ltr'>causis,</span> <span class='ocrx_word' id='word_1_252' title='bbox 325 3823 404 3887; x_wconf 90' lang='lat' dir='ltr'>quas</span> <span class='ocrx_word' id='word_1_253' title='bbox 426 3805 683 3887; x_wconf 84' lang='lat' dir='ltr'>commemoravi,</span> <span class='ocrx_word' id='word_1_254' title='bbox 704 3804 853 3869; x_wconf 91' lang='lat' dir='ltr'>Rhenum</span> <span class='ocrx_word' id='word_1_255' title='bbox 880 3805 1013 3869; x_wconf 89' lang='lat' dir='ltr'>transire</span> <span class='ocrx_word' id='word_1_256' title='bbox 1040 3805 1235 3890; x_wconf 75' lang='lat' dir='ltr'>decreverat,</span> 
     </span>
     <span class='ocr_line' id='line_1_35' title="bbox 186 3908 1238 3993; baseline 0.004 -19"><span class='ocrx_word' id='word_1_257' title='bbox 186 3908 243 3974; x_wconf 86' lang='lat' dir='ltr'>sed</span> <span class='ocrx_word' id='word_1_258' title='bbox 264 3909 399 3974; x_wconf 84' lang='lat' dir='ltr'>naribus</span> <span class='ocrx_word' id='word_1_259' title='bbox 422 3910 556 3975; x_wconf 80' lang='lat' dir='ltr'>tramine</span> <span class='ocrx_word' id='word_1_260' title='bbox 578 3928 683 3993; x_wconf 90' lang='lat' dir='ltr'>neque</span> <span class='ocrx_word' id='word_1_261' title='bbox 705 3911 781 3974; x_wconf 90' lang='lat' dir='ltr'>satis</span> <span class='ocrx_word' id='word_1_262' title='bbox 803 3914 907 3974; x_wconf 77' lang='lat' dir='ltr'>tuum</span> <span class='ocrx_word' id='word_1_263' title='bbox 933 3928 1002 3975; x_wconf 90' lang='lat' dir='ltr'>esse</span> <span class='ocrx_word' id='word_1_264' title='bbox 1029 3909 1238 3978; x_wconf 85' lang='lat' dir='ltr'>arbitrabatur</span> 
     </span>
    </p>
   </div>
   <div class='ocr_carea' id='block_1_3' title="bbox 0 0 1374 4424">
    <p class='ocr_par' dir='ltr' id='par_1_3' title="bbox 0 0 1374 4424">
     <span class='ocr_line' id='line_1_36' title="bbox 0 0 1374 4424; baseline 0 1"><span class='ocrx_word' id='word_1_265' title='bbox 0 0 1374 4424; x_wconf 95' lang='lat' dir='ltr'> </span> 
     </span>
    </p>
   </div>
  </div>
 </body>
</html>
