2738 4424
194 209 257 272 136
588 223 693 281 BHLLI
711 225 853 282 eam

156 385 227 449 tin
248 385 409 451 Arvernos
431 405 551 451 versus.
595 387 641 451 At
663 385 777 452 Caesar
797 387 932 452 biduum
952 388 989 453 in
1010 387 1062 453 his
1083 387 1161 453 locis
1182 407 1252 453 mo-

192 496 292 576 ratus,
316 493 401 574 quod
423 492 502 557 haec
524 492 563 557 de
577 492 838 578 Vercingetorige
859 513 922 558 usu
944 497 1079 558 ventura
1101 494 1252 578 opinione

192 602 402 681 praeceperat,
423 617 481 682 per
503 617 633 662 causam
647 598 859 683 supplementi
874 600 1099 683 equitatusque
1114 599 1251 683 cogendi

165 702 232 770 aab
256 703 399 768 exercitu
414 704 557 788 discedit,
580 705 718 769 Brutum
733 705 967 771 adulescentem
980 706 1030 770 bis
1046 706 1146 789 copiis
1159 723 1252 790 prae-

193 806 271 891 lioit3
294 809 381 873 hunc
402 813 524 893 monet,
545 814 582 873 ut
603 809 639 873 in
661 829 772 876 omnes
793 815 898 895 partes
917 813 1038 895 equites
1054 829 1150 895 quam
1164 811 1251 876 latis·

193 914 273 979 sime
294 918 518 1001 pervagentur3
543 916 691 980 daturum
713 935 747 981 se
770 935 910 1001 operam,
931 935 974 982 ne
996 917 1121 1002 longius
1142 917 1251 982 triduo

166 1039 214 1087 aa
235 1021 345 1086 caenis
372 1020 461 1086 absit
506 1021 556 1086 bis
579 1022 759 1086 constitutis
785 1021 882 1088 rebus
909 1022 975 1088 suis
1002 1022 1251 1107 inopinantibus,

167 1143 291 1209 squam
317 1127 466 1191 maximis
492 1132 596 1210 potest
621 1127 802 1211 itineribus,
824 1129 983 1194 Viennam
1005 1130 1158 1214 pervenit
1205 1128 1251 1193 ibi

193 1237 307 1298 nactus
328 1237 488 1299 recentem
510 1235 700 1317 equitatum,
728 1252 824 1316 quem
845 1235 955 1299 multis
977 1240 1050 1299 ante
1072 1234 1185 1299 diebus
1212 1252 1250 1298 eo

194 1339 411 1424 praemiserat,
436 1357 542 1422 neque
565 1340 679 1404 diurno
701 1358 807 1422 neque
829 1343 985 1405 nocturno
1013 1341 1127 1405 itinere
1152 1341 1252 1404 inter·

193 1446 290 1509 misso
317 1443 479 1528 perfines
505 1443 714 1510 Haeduorum
740 1446 776 1509 in
800 1444 960 1531 Lingones
987 1446 1163 1530 contendit,
1193 1444 1252 1509 ubi

195 1550 276 1615 duae
297 1550 438 1634 legiones
459 1550 653 1633 hiemabant,
675 1555 724 1635 ut,
747 1551 775 1616 si
798 1551 873 1633 quid
890 1553 984 1616 etiam
1007 1552 1046 1617 de
1069 1571 1128 1617 sua
1150 1551 1252 1617 salute

167 1655 234 1720 aab
261 1655 404 1720 Haeduis
430 1656 565 1721 iniretur
591 1657 728 1740 consilii,
760 1657 918 1722 celeritate
944 1661 1168 1742 praecurreret
1213 1675 1251 1722 eo

195 1780 269 1827 cum
299 1761 509 1845 pervenisset,
544 1761 585 1825 ad
615 1762 755 1844 reliquas
790 1762 930 1846 legiones
966 1764 1064 1828 mittit
1098 1764 1252 1849 priusque

196 1885 305 1934 omnes
326 1868 362 1932 in
384 1887 486 1932 unum
507 1866 614 1932 locum
637 1869 732 1952 cogit,
755 1887 849 1951 quam
874 1869 913 1934 de
936 1871 1005 1933 eius
1028 1869 1168 1934 adventu
1190 1869 1253 1933 Ar-

167 1973 303 2039 evernis
324 1973 466 2038 nuntiari
486 1978 600 2058 posset
645 1974 704 2038 bac
725 1975 903 2059 recognita
916 1974 1160 2058 Vercingetorix
1181 1993 1252 2038 rur·

195 2099 250 2146 sus
275 2081 311 2144 in
331 2080 492 2164 Bituriges
519 2080 695 2145 exercitum
720 2080 844 2144 reducit
870 2084 965 2163 atque
991 2080 1066 2145 inde
1092 2079 1253 2164 protectus

196 2186 427 2272 Gorgobinam,
445 2185 598 2250 Boiorum
613 2185 777 2270 oppidum,
793 2185 934 2269 quesibi
949 2185 1116 2250 Helvetico
1130 2185 1252 2270 proelio

195 2294 298 2359 victos
321 2291 435 2358 Caesar
457 2292 676 2356 conlocauerat
697 2291 904 2375 Haeduisque
928 2292 1125 2377 attribuerat,
1153 2310 1252 2376 oppu-

141 2407 179 2464 10
196 2418 292 2484 gnare
318 2397 464 2463 instituit
514 2395 662 2481 Magnam
693 2397 772 2461 baec
798 2416 850 2462 res
877 2394 1002 2487 Caesari
1034 2396 1252 2462 difficultatem

196 2505 237 2568 ad
268 2504 437 2568 oondlium
467 2502 654 2586 capiendum
688 2502 861 2567 adferebat:
894 2503 922 2567 si
947 2503 1106 2587 reliquam
1130 2507 1252 2587 partem

196 2608 310 2673 hiemis
331 2627 396 2672 uno
418 2606 488 2672 loco
510 2607 651 2691 legiones
672 2608 862 2693 contineret,
883 2627 925 2673 ne
940 2608 1153 2693 stipendiariis
1168 2607 1252 2672 Hae-

197 2713 334 2777 duorum
357 2714 547 2797 expugnatis
570 2716 684 2777 cuncta
707 2713 809 2779 Gallia
831 2712 990 2797 deficeret,
1018 2713 1106 2797 quod
1126 2713 1253 2777 nullum

197 2819 306 2884 amicis
326 2819 363 2883 in
385 2837 423 2884 eo
445 2817 639 2903 praesidium
661 2820 800 2902 positum
821 2819 958 2902 videret;
982 2821 1009 2884 si
1031 2820 1188 2884 maturius
1210 2838 1253 2884 ex

196 2924 338 2991 hibernis
361 2925 520 3008 educeret,
543 2942 584 2987 ne
606 2924 645 2987 ab
668 2943 703 2989 re
725 2925 932 2990 frumentaria
959 2925 1047 2990 duris
1073 2925 1253 2991 subvectio-

170 3031 293 3097 anibus
315 3030 479 3095 laboraret
523 3033 682 3113 praestare
708 3031 815 3095 visum
837 3036 1012 3097 esttamen
1034 3049 1144 3096 omnes
1172 3031 1253 3095 diffi-

198 3137 330 3203 cultates
351 3137 483 3222 perpeti,
511 3155 607 3220 quam
629 3140 716 3200 tanta
738 3138 929 3202 contumelia
954 3142 1082 3221 accepta
1108 3138 1253 3202 omnium

170 3259 328 3308 asuerum
362 3243 539 3308 voluntates
566 3243 713 3308 alienare.
761 3243 869 3327 itaque
895 3243 1075 3308 cohortatus
1100 3243 1253 3308 Haeduos

199 3348 238 3413 de
264 3349 478 3433 supportando
510 3354 689 3414 commeatu
718 3349 892 3432 praemittit
922 3349 963 3413 ad
985 3349 1094 3432 Boios,
1127 3349 1182 3433 qui
1214 3349 1255 3415 de

198 3432 428 3520 suffadventu
460 3454 592 3519 doceant
617 3455 858 3539 hortenturque,
889 3458 926 3518 ut
955 3454 991 3518 in
1016 3453 1080 3520 fide
1106 3459 1255 3519 maneant

119 3620 122 3626 <
172 3564 296 3642 satque
317 3561 457 3625 hostium
477 3562 631 3645 impetum
652 3579 768 3644 magno
787 3561 893 3624 animo
909 3562 1093 3626 sustineant.
1131 3559 1256 3625 duabus

202 3666 359 3751 Agedinci
385 3665 564 3750 legionibus
591 3671 686 3748 atque
712 3666 947 3750 impedimentis
972 3668 1070 3731 totius
1096 3665 1254 3731 exercitus

147 3780 182 3837 11
200 3772 319 3837 relictis
342 3772 382 3836 ad
403 3771 500 3837 Boios
522 3770 739 3856 proficiscitur.
784 3772 894 3836 Altero
922 3771 973 3836 die
1001 3791 1075 3837 oum
1101 3771 1142 3835 ad
1168 3772 1254 3855 oppi-

203 3876 280 3940 dum
301 3874 465 3941 Senonum
479 3876 761 3941 Vellaunodunum
784 3878 935 3960 venisset,
957 3895 1110 3961 nequem
1130 3880 1201 3961 post
1221 3894 1258 3941 se
