2738 4424
456 235 614 292 111111.
634 235 710 292 mr.
729 236 846 292 12-17.
1139 219 1181 283 89

213 396 346 482 Equites
356 398 502 462 *hosfium
519 398 733 480 essedariique
748 398 861 462 acriter
874 397 992 481 proelio
1007 415 1081 461 cum
1096 397 1184 480 equi·
1201 402 1237 457 15

124 506 192 567 tatu
218 507 325 567 nostro
348 505 383 566 in
404 503 517 568 itinere
545 502 772 585 condixerunt,
799 504 844 567 ita
870 509 990 587 tamen,
1021 508 1058 567 ut
1084 503 1183 566 nostri

126 608 275 673 omnibus
301 608 445 693 partibus
472 609 651 692 superiores
677 609 796 673 fuerint
827 615 923 693 atque
945 627 998 674 eos
1025 580 1060 672 iii
1087 608 1183 672 silvas

125 714 286 797 collesque
301 715 524 799 compulerint3
544 715 601 779 sed
616 714 833 798 compluribus
848 715 1022 781 interfectis
1037 713 1183 797 cupidius
1196 735 1212 780 a

125 820 262 886 insecuti
282 839 348 883 non
370 820 477 884 nullos
500 838 542 884 ex
564 821 631 884 suis
653 821 835 885 amiserunt
880 825 913 884 at
934 820 983 884 illi
1004 820 1213 886 intermissos

125 926 225 1009 spatio
247 925 503 1010 imprudentibus
521 926 638 990 nostris
653 931 747 1009 atque
766 926 926 1010 occupatis
947 927 981 989 in
1004 926 1183 990 munitione

125 1036 300 1096 castrorum
323 1030 428 1096 subito
451 1049 485 1097 se
508 1050 550 1097 ex
572 1032 661 1096 silvis
684 1033 846 1097 eiecerunt
864 1032 1049 1116 impetuque
1071 1032 1105 1094 in
1129 1049 1184 1095 eos

124 1137 220 1220 facto,
244 1138 299 1220 qui
322 1144 413 1203 erant
434 1138 469 1201 in
492 1138 627 1202 statione
653 1157 711 1221 pro
735 1138 846 1202 castris
873 1137 1042 1219 conlocati,
1069 1138 1184 1202 aoritm

125 1248 359 1327 pugnaverunt,
384 1242 572 1327 duabusque
587 1244 694 1307 missis
709 1243 851 1308 subsidio
867 1242 1050 1307 cohortibus
1072 1262 1091 1307 a
1107 1241 1212 1310 Cae-s

125 1367 194 1413 sare
221 1355 316 1433 atque
342 1349 393 1412 his
419 1349 529 1432 primis
556 1349 720 1433 legionum
748 1349 897 1431 duarum,
929 1368 1002 1414 cum
1029 1366 1085 1414 eae
1112 1366 1182 1432 per·

124 1455 240 1540 exiguo
263 1455 443 1519 intermisso
466 1453 530 1518 loci
552 1455 651 1538 spatio
678 1455 763 1519 inter
788 1473 823 1519 se
845 1455 1072 1540 constitissent,
1098 1473 1181 1518 novo

123 1579 238 1644 genere
260 1579 385 1646 pugnae
407 1561 581 1644 perterritis
607 1562 725 1625 nostris
747 1580 804 1645 per
825 1561 948 1627 medios
972 1560 1181 1626 audacissime

123 1671 333 1750 penuperunt
363 1685 463 1749 seque
493 1667 569 1731 inde
599 1667 776 1731 incolumes
808 1671 1003 1752 receperunt.
1058 1685 1096 1732 eo
1129 1666 1208 1734 dies

124 1770 159 1848 Q.
186 1771 339 1837 Laberius
365 1771 487 1854 Durus,
518 1772 666 1837 tribunus
697 1773 849 1855 militum,
880 1772 1076 1838 interficitur.
1131 1773 1180 1836 illi

123 1878 268 1962 pluribus
298 1877 464 1942 submissis
491 1878 672 1943 cohortibus
703 1878 910 1962 repelluntur.
954 1879 1031 1942 Toto
1057 1878 1119 1941 hoc
1144 1879 1180 1940 in
1197 1885 1235 1942 ld

122 2002 239 2068 genere
265 2002 405 2069 pugnae,
433 2003 506 2048 cum
534 1983 594 2048 sub
623 1984 723 2048 oculis
751 1985 894 2048 omnium
921 2003 957 2048 ac
982 2003 1041 2068 pro
1068 1983 1179 2048 castris

124 2090 340 2174 dimicaretur,
371 2090 566 2155 intellectum
599 2094 646 2154 est
677 2094 801 2154 nostros
832 2094 959 2174 propter
991 2090 1180 2174 gravitatem

123 2216 296 2279 armorum,
319 2197 406 2281 quod
428 2215 534 2280 neque
556 2197 682 2279 insequi
701 2195 847 2260 cedentes
864 2199 993 2280 possent
1011 2214 1117 2279 neque
1139 2193 1179 2260 ab

122 2303 222 2387 signis
245 2302 406 2368 discedere
429 2303 595 2384 auderent,
616 2303 724 2366 minus
746 2307 836 2385 aptos
858 2320 927 2367 esse
950 2301 991 2367 ad
1008 2303 1104 2366 huius
1126 2320 1180 2385 ge-

121 2410 208 2474 neris
229 2409 365 2493 hostem,
388 2410 511 2492 equites
533 2412 640 2473 autem
661 2427 777 2493 magno
800 2426 874 2472 cum
895 2407 1037 2492 periculo
1059 2407 1209 2491 proelior

123 2515 287 2598 dimicmq
313 2519 480 2599 propterea
512 2514 598 2599 quod
624 2513 672 2577 illi
700 2515 794 2578 etiam
821 2514 965 2580 considio
992 2514 1180 2597 plerumque

123 2621 273 2687 cederent
294 2624 337 2704 et,
364 2639 438 2684 cum
459 2619 590 2703 paulum
612 2619 651 2684 ab
674 2619 853 2704 legionibus
878 2624 1003 2685 nostros
1028 2620 1181 2685 remouis-

123 2731 206 2810 sent,
229 2745 271 2791 ex
293 2725 412 2793 essedis
434 2726 598 2790 desilirent
619 2725 805 2810 etpedibus
829 2725 947 2810 dispari
963 2726 1083 2810 proelio
1105 2743 1180 2790 oon·

104 2833 297 2898 tenderent
343 2831 510 2917 [equestris
532 2836 638 2897 autam
653 2831 766 2915 proehi
788 2833 868 2896 ratio
892 2836 923 2897 et
940 2831 1126 2897 cedentibus
1148 2836 1208 2899 eta

124 2936 364 3021 insequentibus
384 2957 442 3022 par
464 2943 560 3021 atque
582 2938 668 3002 idem
681 2937 859 3022 periculum
877 2937 1050 3023 interebat]
1091 2956 1208 3004 acce-a

124 3043 219 3109 debat
239 3043 316 3126 huc,
338 3048 375 3108 ut
397 3062 574 3126 numquam
591 3043 737 3126 conferti,
759 3045 815 3109 sed
837 3045 899 3108 rari
922 3046 1109 3129 magnisque
1130 3044 1180 3107 in-

123 3149 265 3214 tervallis
285 3148 515 3233 proeliarentur
536 3150 753 3231 stationesque
775 3150 941 3233 dispositas
962 3149 1113 3215 haberent
1134 3153 1181 3214 at·

125 3274 188 3339 que
210 3254 289 3318 alios
316 3254 370 3318 alii
393 3255 540 3338 deinceps
566 3256 749 3340 exciperent
774 3257 953 3341 integrique
981 3261 1012 3321 et
1037 3260 1180 3322 recentes

126 3361 302 3446 defatigatis
317 3360 529 3426 succederent
573 3360 704 3428 Postero
723 3362 775 3427 die
789 3361 901 3446 procul
915 3382 934 3427 a
948 3363 1059 3428 castris
1072 3362 1181 3428 hostes
1197 3375 1234 3432 11

125 3469 160 3533 in
175 3466 311 3531 collibus
326 3466 536 3530 constiterimt
549 3467 676 3550 rarique
690 3486 725 3534 se
739 3468 904 3535 ostendere
921 3474 954 3535 et
966 3468 1070 3534 lenius
1083 3487 1181 3552 quam

124 3573 227 3659 pridie
253 3575 380 3637 nostros
406 3572 530 3654 equites
561 3571 680 3655 proelio
710 3573 866 3640 lacessere
896 3577 1075 3660 coeperunt
1123 3572 1209 3644 seda

125 3679 269 3762 meridie,
296 3696 371 3742 cum
398 3675 511 3744 Caesar
532 3676 704 3763 pabulandi
727 3698 823 3744 causa
842 3678 894 3746 111
914 3680 1059 3769 legiones
1083 3683 1182 3765 amus
1215 3766 1219 3773 Ι

127 3804 254 3852 omnem
282 3785 456 3869 equitatum
483 3802 557 3850 cum
585 3782 618 3849 G.
643 3783 801 3852 Trebonio
826 3768 1308 4144 tw

125 3896 220 3978 pente
248 3909 289 3957 ex
311 3890 459 3956 omnibus
485 3888 628 3976 partibus
654 3889 696 3956 ad
720 3889 922 3977 pabulatum
935 3952 953 4001 ,ᾖ
