2738 4424
180 299 220 363 30
573 317 838 376 ammorrmor

179 474 258 539 citer
292 476 458 542 hominum
488 478 570 545 XVI
604 481 693 544 milia
727 480 877 565 expedita
911 500 986 546 cum
1022 482 1109 545 omni
1146 480 1236 564 equi-

179 585 246 644 tatu
287 583 467 649 Ariovistus
506 586 605 670 misit,
648 605 730 668 quae
770 587 879 670 copiae
917 591 1041 651 nostros
1081 590 1236 652 terrerent

152 691 212 751 cet
237 689 413 754 munitione
439 691 650 774 prohiberent
695 692 794 756 nihilo
821 693 919 756 setius
945 690 1071 775 Caesar,
1098 697 1136 758 ut
1161 696 1236 757 ante

179 794 396 879 constituerat,
424 797 503 860 duas
527 798 610 862 acies
633 798 756 863 hostem
778 798 973 882 propulsare,
1002 799 1128 862 tertiam
1155 816 1235 881 opus

152 920 166 964 a
178 897 329 982 perficere
351 901 451 966 iussit
486 903 619 967 munitis
641 903 753 967 castris
776 902 854 966 duas
875 903 922 966 ibi
944 902 1086 986 legiones
1106 903 1236 984 reliquit

180 1008 214 1068 et
234 1009 354 1088 partem
377 1007 580 1091 auxiliorum,
604 1013 753 1089 quattuor
774 1009 911 1091 reliquas
933 1009 967 1070 in
991 1015 1092 1072 castra
1113 1009 1236 1072 maiora

126 1116 162 1170 50
178 1109 316 1175 reduxit
348 1111 500 1176 Proximo
520 1114 571 1179 die
588 1115 733 1204 instituto
752 1132 810 1178 suo
826 1112 942 1177 Caesar
954 1133 997 1177 cx
1014 1114 1125 1178 castris
1141 1114 1235 1177 utris·

181 1235 243 1300 que
261 1217 368 1300 copias
386 1237 460 1282 suas
478 1218 591 1284 eduxit
605 1217 799 1302 paulumque
817 1238 836 1282 a
852 1219 1025 1284 maioribus
1039 1220 1150 1283 castris
1163 1238 1235 1302 pro-

179 1341 305 1405 gressus
319 1324 419 1387 aciem
431 1324 584 1389 instruxit
596 1323 803 1406 hostibusque
816 1324 981 1409 pugnandi
993 1329 1179 1408 potestatem
1191 1323 1235 1387 fe·

153 1427 231 1495 scit
262 1427 319 1491 ubi
335 1446 378 1492 ne
392 1433 462 1492 tum
480 1429 609 1512 quidem
627 1449 681 1494 eos
698 1430 825 1515 prodire
839 1430 1010 1514 intellexit,
1028 1431 1152 1494 circiter
1168 1449 1235 1494 me-

179 1532 259 1597 ridie
286 1534 462 1598 exercitum
488 1536 523 1598 in
550 1541 653 1600 castra
673 1536 810 1600 reduxit
855 1540 924 1601 tum
951 1535 1079 1600 demum
1106 1535 1235 1599 Ariori-

179 1643 246 1702 stus
264 1643 385 1722 partem
416 1659 546 1705 suarum
574 1643 748 1726 copiarum,
782 1661 862 1725 quae
894 1647 995 1706 casua
1025 1642 1149 1705 minora
1180 1660 1234 1724 op-

152 1769 166 1812 e
178 1749 345 1828 pugnaret,
376 1745 471 1810 misit.
522 1748 636 1812 acriter
667 1748 828 1829 utrimque
858 1766 961 1829 usque
998 1748 1038 1811 ed
1068 1765 1234 1830 vesperum

178 1855 354 1934 pugnatum
376 1857 431 1916 est
467 1853 543 1917 solis
567 1872 681 1918 occasu
703 1872 777 1919 suas
800 1853 907 1936 copias
924 1853 1105 1918 Ariovistus
1127 1853 1235 1915 multis

152 1962 211 2026 let
233 1956 340 2020 inlatis
366 1961 398 2022 et
420 1960 556 2043 acceptis
582 1959 769 2024 vulneribus
795 1960 830 2023 in
858 1964 959 2023 castra
980 1958 1115 2021 reduxit
1161 1977 1235 2020 cum

180 2080 221 2126 ex
236 2063 367 2146 captivis
383 2068 548 2146 quaereret
564 2064 685 2150 Caesar,
702 2085 798 2148 quam
814 2064 936 2130 obrem
951 2064 1130 2126 Ariovistus
1146 2082 1235 2146 proe-

179 2169 221 2232 lio
248 2187 315 2233 non
343 2170 524 2255 decertaret,
553 2172 636 2237 hano
663 2170 839 2256 reperiebat
864 2189 1006 2251 causam,
1039 2167 1124 2249 quod
1150 2169 1235 2250 apud

180 2273 353 2340 Germanos
376 2295 414 2340 ea
437 2277 632 2341 consuetudo
656 2281 750 2359 esset,
773 2281 810 2341 ut
831 2282 947 2339 matres
964 2273 1102 2337 familiae
1125 2291 1235 2336 eorum

179 2380 317 2446 sortibus
345 2386 377 2446 et
402 2382 682 2447 vaticinationibus
710 2381 918 2463 declararent,
945 2384 1053 2444 utrum
1079 2378 1235 2463 proelium

153 2487 333 2555 scommitti
348 2507 391 2552 ex
407 2507 469 2551 usu
489 2492 583 2571 esset,
602 2506 717 2568 necne;
734 2506 787 2551 eas
809 2487 853 2550 ita
872 2486 988 2550 dicere:
1012 2503 1079 2548 uon
1097 2503 1166 2549 esse
1188 2485 1235 2548 fas

181 2591 354 2657 Germanos
372 2612 534 2677 superare,
557 2595 586 2658 si
608 2598 682 2658 ante
703 2611 820 2657 novam
840 2592 950 2656 lunam
965 2591 1083 2675 proelio
1106 2595 1235 2655 conten-

182 2699 308 2764 dissent

127 2823 160 2876 51
267 2803 427 2870 Postridie
449 2806 518 2870 eius
546 2805 610 2869 diei
633 2804 748 2870 Caesar
769 2803 927 2889 praesidio
951 2804 1093 2885 utrisque
1116 2802 1234 2885 castris,

183 2911 268 2993 quod
283 2911 358 2975 satis
373 2929 442 2976 esse
464 2912 570 2975 risum
594 2914 654 2992 est,
676 2911 819 2993 reliquit,
842 2910 956 2973 alarios
980 2927 1089 2973 omnes
1111 2908 1147 2971 in
1161 2926 1234 2970 con-

181 3021 291 3101 spectu
312 3018 449 3082 hostium
471 3036 528 3102 pro
547 3017 659 3081 castris
678 3015 855 3080 minoribus
874 3015 1049 3096 constituit,
1073 3012 1158 3096 quod
1176 3014 1235 3076 mi-

181 3141 243 3188 nus
253 3123 456 3188 multitudine
470 3123 608 3187 militum
622 3122 867 3205 legionariorum
882 3138 939 3204 pro
951 3120 1089 3183 hostium
1100 3137 1235 3182 numero

182 3228 318 3311 valebat,
344 3233 381 3292 ut
406 3228 446 3292 ad
473 3230 610 3313 speciem
637 3229 742 3292 alariis
768 3232 924 3307 uteretur;
952 3226 1020 3309 ipse
1043 3224 1160 3308 triplici
1185 3225 1234 3287 in-

156 3338 300 3402 astructa
327 3335 393 3400 acie
421 3354 522 3418 usque
550 3333 589 3398 ad
616 3338 716 3398 castra
740 3333 878 3397 hostium
902 3333 1040 3396 accessit
1085 3335 1153 3394 tum
1182 3329 1235 3393 de-

182 3459 270 3503 mum
297 3441 474 3505 necessario
503 3440 654 3506 Germani
680 3458 753 3503 suas
785 3439 891 3523 copias
917 3437 1029 3502 castris
1056 3435 1236 3499 eduxenmt

182 3546 418 3630 generatimque
445 3547 676 3611 constituerimt
705 3543 834 3629 paribus
861 3542 1048 3624 intervallis,
1080 3540 1236 3621 Harudes,

184 3650 436 3733 Marcomannos,
465 3651 627 3734 Tribocos,
656 3650 853 3734 Vangiones,
884 3648 1047 3728 Nemetes,
1078 3645 1235 3715 Sedusios,

183 3755 318 3839 Suebos,
345 3776 534 3841 omnemque
562 3757 662 3822 aciem
689 3776 779 3821 suam
800 3755 904 3820 raedis
927 3758 958 3817 et
984 3753 1081 3816 carris
1103 3753 1237 3815 circum-

157 3863 351 3945 adedenmt,
373 3881 414 3928 ne
433 3883 496 3947 qua
518 3881 588 3948 spes
605 3864 640 3925 in
657 3862 733 3946 fuga
749 3861 991 3942 relinqueretur.
1028 3877 1065 3922 eo
1086 3857 1237 3921 mulieres

182 3969 416 4054 imposuerunt,
439 3988 521 4054 quae
543 3970 583 4033 ad
604 3969 760 4054 proelium
777 3966 1010 4053 proficiscentes
1029 3964 1145 4028 milites
1167 3982 1238 4046 pas-
