2738 4424
442 251 550 310 nunu
567 253 628 309 VH.
647 253 722 310 GAP.
742 253 863 310 38-43.
1117 235 1180 299 153

126 432 215 480 more
238 413 401 479 Gallorum
423 415 511 479 nefas
537 419 586 481 est
608 416 702 480 etiam
726 417 760 479 in
783 421 926 479 extrema
946 414 1073 478 fortuma
1095 413 1182 477 dese-

127 538 197 586 rere
227 525 389 605 patronos,
423 520 612 604 Gergoviam
643 521 791 605 profugit.
845 519 957 584 Caesar
987 519 1111 584 nuntiis
1142 519 1183 582 ad
1200 526 1234 580 41

128 627 289 693 civitatem
303 625 511 691 Haeduorum
525 627 644 709 missis,
667 627 722 710 qui
740 646 798 691 suo
813 624 966 691 beneficio
981 628 1183 690 conservatos

106 733 290 818 docerent,
319 751 400 816 quos
421 733 490 797 iure
517 730 594 796 belli
620 731 798 797 interficere
824 731 991 815 potuisset,
1017 729 1183 811 tribusque

128 839 216 905 horis
243 837 366 923 [noctis]
394 839 549 903 exercitui
575 838 616 903 ad
643 839 782 921 quietem
810 838 891 903 datis
917 841 1018 901 castra
1044 836 1085 901 ad
1108 833 1183 899 Ger-

128 945 255 1030 goviam
276 950 391 1009 movet
426 943 531 1008 medio
554 943 620 1008 fere
641 945 755 1007 itinere
778 944 900 1027 equites
923 961 943 1006 a
964 942 1062 1007 Fabio
1086 941 1210 1023 missia

130 1055 248 1133 quanto
270 1050 379 1115 resin
401 1048 543 1133 periculo
566 1049 673 1134 fuerit,
701 1053 875 1132 exponunt.
924 1048 1058 1112 summis
1084 1048 1183 1130 copiis

129 1159 230 1220 castra
252 1159 433 1240 oppugnata
448 1155 678 1238 demonstrant,
700 1175 774 1220 oum
792 1154 902 1220 crebro
917 1153 1032 1238 integri
1055 1152 1184 1218 defessis

128 1262 334 1327 succederent
355 1265 541 1344 aestusque
557 1261 690 1324 adsiduo
704 1260 811 1325 labore
827 1260 1046 1344 defatigarent,
1069 1256 1185 1341 quibus

127 1372 257 1452 propter
277 1367 529 1451 magnitudinem
551 1371 725 1430 castrorum
746 1372 898 1450 perpetuo
922 1369 1005 1431 esset
1027 1364 1128 1430 isdem
1151 1366 1184 1428 in

128 1473 212 1538 vallo
233 1473 492 1557 permanendum
537 1472 740 1538 multitudine
762 1474 948 1557 sagittarum
974 1477 1070 1554 atque
1096 1473 1211 1537 omnia

128 1597 244 1663 genere
276 1579 412 1643 telorum
442 1578 560 1643 multos
590 1579 785 1660 vulneratos3
820 1579 861 1643 ad
891 1578 969 1643 haec
999 1578 1184 1643 sustinenda

128 1703 244 1767 magno
268 1685 341 1748 usui
362 1685 460 1749 fuisse
474 1688 637 1748 tormenta
675 1685 808 1749 Fabium
824 1684 965 1749 discessu
980 1704 1092 1750 eorum
1106 1684 1211 1751 dua-a

128 1789 189 1854 bus
211 1790 329 1854 relictis
343 1791 442 1873 portis
457 1789 619 1854 obstruere
635 1793 754 1854 ceteras
768 1791 957 1874 pluteosque
970 1789 1055 1854 vallo
1069 1789 1185 1855 addere

129 1900 161 1959 et
183 1912 216 1960 se
238 1895 274 1959 in
295 1900 456 1980 posterum
479 1895 565 1959 diem
587 1895 786 1977 similemque
802 1914 911 1959 casum
933 1912 1091 1979 apparare.
1135 1894 1211 1961 hiss

129 2001 225 2066 rebus
246 2001 381 2085 cognitis
404 2000 520 2066 Caesar
541 2020 665 2065 summo
688 2001 793 2065 studio
816 2001 953 2077 militum
980 2004 1053 2066 ante
1081 2004 1185 2064 ortum

129 2107 206 2172 solis
227 2106 262 2170 in
284 2111 386 2171 castra
407 2106 560 2190 pervenit

218 2211 304 2277 Dum
330 2213 409 2277 haec
440 2211 480 2276 ad
507 2212 696 2296 Gergoviam
722 2218 888 2297 geruntur,
919 2211 1046 2277 Haedui
1076 2213 1186 2296 primis
1203 2227 1238 2283 42

129 2320 253 2384 nuntiis
275 2319 315 2383 ab
329 2316 488 2383 Litavicco
505 2319 643 2403 acceptis
657 2319 782 2383 nullum
797 2318 859 2382 sibi
875 2318 915 2382 ad
930 2318 1186 2402 cognoscendum

48 2448 50 2453 ·
130 2426 267 2510 spatium
281 2425 474 2508 relinquunt
511 2425 645 2508 impellit
664 2425 741 2489 alios
761 2425 906 2507 evantio,
928 2425 1006 2488 alios
1021 2423 1212 2492 iracundias

130 2537 162 2596 et
176 2532 348 2616 temeritas,
372 2549 453 2614 quae
468 2531 607 2596 maxime
627 2531 675 2594 illi
689 2531 855 2594 hominum
873 2530 983 2614 generi
1003 2535 1050 2595 est
1069 2530 1186 2611 innata,

130 2642 167 2702 ut
181 2639 285 2702 levem
300 2637 496 2702 auditionem
510 2636 646 2701 habeant
659 2656 716 2721 pro
731 2655 766 2702 re
780 2641 946 2720 comperta
968 2636 1053 2701 bona
1066 2636 1213 2704 civiuma

130 2743 346 2808 Romanorum
361 2742 529 2828 diripiunt,
544 2743 656 2808 caedes
669 2743 801 2826 faciunt,
819 2743 854 2806 iu
869 2743 1053 2809 servitutem
1069 2741 1186 2808 abstra-

130 2850 220 2913 hunt
257 2849 387 2914 adiuvat
408 2868 476 2914 rem
496 2850 703 2934 proclinatam
722 2849 978 2914 Convictolitavis
1000 2849 1213 2933 plebemquea

132 2954 173 3019 ad
199 2954 338 3018 imorem
364 2955 513 3039 impellit,
545 2960 581 3020 ut
610 2956 750 3021 facinore
782 2955 919 3020 admisso
951 2955 991 3017 ad
1022 2956 1185 3019 sanitatem

127 3061 249 3125 ,reverti
270 3059 396 3143 pudeat.
441 3059 484 3123 M.
506 3062 677 3146 Aristium,
700 3060 866 3125 tribunum
888 3061 1038 3145 militum,
1065 3061 1126 3123 iter
1147 3060 1215 3128 ads

133 3166 274 3250 legiones
296 3166 462 3230 facientem
484 3165 547 3231 fide
566 3166 639 3231 data
658 3185 700 3231 ex
718 3166 833 3250 oppido
854 3165 1015 3231 Gavillono
1034 3166 1186 3244 educunt3

133 3272 219 3338 idem
244 3272 347 3338 facere
373 3276 492 3356 cogunt
518 3291 585 3355 eos,
617 3273 671 3356 qui
698 3272 881 3356 negotiandi
912 3291 1007 3336 causa
1038 3271 1084 3336 ibi
1115 3291 1189 3335 eon-

134 3379 285 3444 stiterant.
334 3378 393 3442 hos
425 3378 575 3441 continuo
610 3378 646 3440 in
677 3378 790 3441 itinere
822 3377 924 3442 adorti
956 3377 1104 3442 omnibus
1130 3378 1216 3447 ima

134 3484 325 3570 pedimentis
357 3486 495 3561 exuunt3
527 3488 739 3567 repugnantes
771 3483 855 3548 diem
886 3488 1074 3566 noctemque
1106 3482 1190 3548 obsi-

136 3590 225 3671 dent3
258 3589 370 3653 multis
392 3589 554 3671 utrimque
580 3589 751 3652 interfectis
778 3588 931 3653 maiorem
957 3589 1188 3653 multitudinem

136 3699 178 3762 ad
204 3714 292 3760 arma
318 3695 483 3760 concitant
528 3694 660 3760 Interim
685 3695 797 3758 nuntio
823 3694 926 3759 adlato
949 3714 1059 3760 omues
1081 3715 1188 3760 eorum
1209 3713 1245 3769 tu

136 3803 254 3868 milites
285 3804 320 3866 in
350 3804 501 3885 potestate
529 3799 669 3865 Caesaris
700 3802 799 3864 teneri
828 3805 1022 3866 concurrunt
1051 3803 1092 3866 ad
1118 3802 1191 3866 Ari·

137 3912 248 3993 edum,
274 3907 356 3972 nibil
381 3907 508 3992 publico
535 3907 654 3970 factum
680 3906 814 3971 consilio
841 3906 1069 3990 demonstrant3
1098 3928 1220 3992 quae-a

1203 4094 1276 4164 Δ
