2738 4424
183 212 246 277 120
576 229 683 285 Bml
701 230 841 287 (illm

182 389 335 473 pecuniae
358 390 553 455 coniunctim
579 392 658 457 ratio
685 392 818 457 habetur
843 391 1029 474 fructusque
1055 392 1238 473 servantum

183 496 256 558 uter
277 513 388 559 eorum
414 496 481 560 rita
503 497 675 581 superarit,
703 496 743 560 ad
769 517 843 563 eum
870 517 943 581 pars
970 497 1136 580 utriusque
1162 515 1238 560 cum

156 597 337 665 structibus
360 602 559 685 superiorum
580 608 758 687 temporum
780 603 931 686 pervenit.
977 602 1039 666 viri
1061 602 1097 666 in
1119 619 1239 666 uxores

184 704 279 770 sicuti
300 707 335 770 in
357 708 473 772 liberos
495 709 578 773 vitae
600 709 751 792 necisque
766 708 882 773 habent
895 711 1093 792 potestatem3
1117 711 1149 771 et
1162 726 1238 770 eum

183 815 272 894 pater
304 812 441 879 familiae
468 813 649 879 inlustriore
675 814 745 879 loco
772 819 866 879 natus
893 813 1041 898 decessu,
1068 813 1138 877 eius
1163 831 1238 896 pro-

183 916 295 1000 pinqui
327 920 522 984 conveniunt
552 922 594 1003 et,
629 920 668 985 de
698 924 798 986 morte
830 920 934 984 sires
965 920 998 983 in
1025 917 1237 1003 suspicionem

183 1025 280 1107 venit,
297 1023 337 1088 de
352 1024 506 1089 uxoribus
520 1026 556 1088 in
570 1025 718 1090 servilem
732 1025 862 1090 modum
878 1025 1095 1107 quaestionem
1109 1023 1237 1106 habent,

184 1132 216 1193 et
241 1129 270 1194 si
297 1135 492 1215 compertum
519 1134 580 1214 est,
607 1131 675 1215 igni
698 1136 791 1215 atque
815 1130 963 1196 omnibns
989 1129 1154 1196 tormentis
1181 1147 1237 1193 ex-

156 1235 339 1300 acrnciatas
369 1235 570 1300 interficiunt
619 1237 732 1302 funera
761 1241 836 1301 sunt
863 1256 920 1321 pro
952 1236 1041 1301 cultu
1072 1234 1237 1299 Gallorum

182 1339 351 1424 magnifica
366 1346 398 1406 et
411 1347 609 1426 sumptuosa3
633 1344 814 1426 omniaque,
838 1361 919 1425 quae
939 1342 1021 1406 rivis
1035 1340 1125 1406 cordi
1138 1341 1236 1405 fuisse

183 1445 387 1531 arbitrantur,
408 1448 443 1510 in
464 1448 572 1531 ignem
594 1448 746 1531 inferunt,
773 1448 867 1511 etiam
890 1447 1051 1530 animalia,
1076 1464 1114 1511 ao
1140 1444 1236 1530 paulo

183 1569 278 1634 supra
298 1550 382 1616 hanc
403 1554 588 1618 memmium
610 1553 694 1617 servi
719 1557 751 1618 et
777 1554 919 1635 clientes,
947 1572 1027 1636 quos
1054 1552 1093 1616 ab
1119 1551 1161 1616 iis
1188 1551 1236 1615 di-

181 1656 279 1722 lectos
302 1675 371 1722 esse
394 1658 566 1742 constabat,
588 1659 681 1724 iustis
702 1657 888 1723 funebribus
910 1658 1061 1724 confectis
1083 1676 1149 1721 una
1168 1675 1237 1721 cre-

128 1771 165 1827 bo
181 1762 358 1828 mabuntur.
404 1761 490 1841 Quae
512 1764 655 1831 civitates
677 1765 874 1830 commodius
888 1784 979 1829 suam
993 1761 1236 1847 rempublicam

181 1869 402 1934 administrare
416 1870 648 1956 existinantur,
671 1871 787 1937 hebent
801 1870 924 1954 legibus
939 1874 1097 1953 sanctum,
1119 1869 1148 1934 si
1163 1868 1236 1951 quis

182 1975 260 2059 quid
282 1976 322 2040 de
344 1995 380 2042 re
401 1977 529 2060 publica
550 1997 569 2041 a
590 1977 735 2043 finitimis
757 1996 885 2043 rumore
908 1997 944 2040 ee
966 1976 1049 2040 fama
1069 1974 1236 2058 acceperit,

180 2083 229 2146 uti
255 2080 295 2144 ad
316 2083 536 2166 magistratum
562 2083 679 2148 deferat
705 2102 787 2152 nere
814 2103 888 2147 cum
915 2101 978 2166 qno
1006 2081 1068 2145 alio
1094 2098 1235 2144 commu-

154 2187 279 2271 enicet,
310 2189 397 2271 quod
430 2207 522 2272 saepe
554 2188 697 2254 homines
730 2189 913 2253 temerarios
945 2193 1040 2269 atque
1070 2185 1235 2270 imperitos

179 2293 266 2358 falsis
287 2294 467 2358 rumoribus
488 2294 600 2360 terreri
613 2299 646 2359 et
666 2295 707 2358 ad
720 2295 843 2359 facinus
857 2293 979 2378 impelli
1000 2297 1033 2358 et
1047 2292 1086 2357 de
1101 2291 1236 2356 summis

153 2398 276 2463 erebus
298 2399 467 2464 consilimn
489 2418 600 2484 capere
623 2400 785 2484 cognitum
808 2404 863 2465 est
907 2399 1123 2483 magistratus,
1151 2414 1234 2479 qnae

179 2504 247 2568 visa
269 2510 355 2586 sunt,
378 2505 550 2588 occultant,
573 2525 655 2588 quae
678 2524 746 2570 esse
762 2523 804 2569 ex
817 2524 880 2569 usu
894 2505 1128 2586 indicaverunt,
1149 2501 1232 2566 mul·

178 2608 309 2672 titudini
330 2609 475 2692 produnt.
522 2610 561 2676 de
582 2630 618 2674 re
639 2609 767 2695 publica
788 2611 852 2675 nisi
873 2629 930 2694 per
951 2609 1122 2675 concilium
1143 2608 1233 2691 loqui

179 2732 245 2778 non
267 2713 459 2778 conceditur.

126 2826 161 2884 21
269 2819 419 2884 Germani
439 2820 629 2885 multumab
644 2820 949 2887 hacconsuetudine
964 2819 1120 2885 diffenrnt
1157 2839 1232 2884 narn

180 2943 284 3010 neque
307 2925 436 2992 drnidm
457 2926 585 3011 habent,
613 2927 669 3010 qui
690 2925 787 2992 rebus
809 2927 926 2991 divinis
947 2926 1100 3011 praesint,
1125 2943 1233 3008 neque

154 3031 345 3100 asauificiis
360 3033 495 3098 student
533 3033 664 3098 deorum
678 3051 812 3098 numero
828 3051 882 3098 eos
897 3032 980 3096 solos
994 3032 1129 3114 ducunt,
1151 3049 1234 3114 quos

181 3143 316 3205 oemunt
338 3144 370 3205 et
392 3158 527 3222 quonum
546 3143 651 3223 aperte
667 3138 779 3223 opibus
793 3139 956 3221 iurantur,
979 3136 1085 3202 Solem
1107 3141 1140 3202 et
1153 3136 1233 3200 Vul-

181 3262 296 3309 canum
322 3249 354 3309 et
374 3244 510 3330 Lunam,
536 3245 676 3329 reliquos
702 3264 743 3310 ne
769 3243 852 3309 fama
879 3243 1008 3328 quidem
1034 3246 1232 3326 acceperunt

152 3351 247 3416 evita
268 3351 372 3416 omnis
397 3351 432 3414 in
453 3351 674 3416 venationibus
696 3354 792 3433 atque
819 3351 852 3414 in
876 3349 989 3415 studiis
1014 3349 1063 3414 rei
1087 3349 1234 3413 militaris

153 3457 338 3539 sconsistit3
361 3477 381 3522 a
402 3458 507 3541 parvis
529 3457 631 3522 labori
652 3476 690 3522 ac
713 3457 848 3521 dantiae
871 3455 1007 3520 student
1052 3455 1109 3538 qui
1123 3454 1233 3518 diutis-

181 3563 260 3628 sime
286 3562 468 3647 impuberes
493 3567 749 3647 permanserrmt,
778 3563 952 3626 maximam
978 3561 1062 3626 inter
1087 3578 1163 3625 suos
1187 3558 1233 3624 fe-

181 3673 258 3733 runt
279 3668 421 3733 laudern:
449 3669 509 3734 hoc
532 3668 575 3732 ali
597 3673 762 3753 staturam,
789 3668 832 3732 ali
853 3668 938 3733 vires
959 3683 1136 3749 nervosque
1158 3681 1233 3730 con·

155 3771 300 3839 afirmari
332 3779 451 3859 putant
504 3775 588 3839 intre
620 3793 740 3838 annum
772 3792 847 3838 vero
878 3773 1068 3838 vicesimum
1096 3769 1235 3834 feminae

182 3878 498 3964 notitiamlhabuisse
525 3882 559 3944 in
582 3881 772 3965 turpissimis
794 3878 913 3943 habent
933 3877 1043 3960 rebus,
1070 3874 1161 3940 cuins
1187 3873 1234 3938 rei
