2738 4424
471 219 579 275 LIBER
596 222 644 276 VI.
662 221 738 277 oAP.
757 221 843 278 4-8.
1121 207 1184 270 113

132 377 238 440 batem
260 397 334 441 cum
356 380 500 462 equitatu
522 382 663 445 custodis
689 382 758 445 loeo
782 383 816 445 iu
838 380 992 465 Menapiis
1020 383 1184 465 relinquit3

131 484 200 567 ipse
222 483 258 547 in
278 483 428 549 Treveros
450 484 666 569 proficiscitur.
1165 569 1169 578 ·

221 587 306 652 Dum
328 591 406 655 haec
428 611 447 654 a
462 591 593 656 Caesare
608 595 773 676 geruntur,
788 592 915 656 Treveri
930 593 1053 676 magnis
1068 593 1184 656 coactis
1202 600 1219 654 i

132 693 289 780 peditatus
312 697 535 779 equitatusque
558 698 658 780 copiis
681 695 856 761 Labienum
875 717 949 761 cum
970 717 1035 760 una
1051 696 1184 780 legione,

127 819 217 882 ⁴quae
238 801 274 863 in
289 820 399 866 eorum
414 801 530 865 finibus
546 801 715 886 hiemabat,
738 803 855 867 adoriri
869 802 1034 886 parabant,
1056 803 1184 884 iamque
1197 825 1211 869 a

134 906 172 969 ab
196 926 234 971 eo
257 926 321 970 non
343 907 469 991 longius
492 907 582 971 bidui
604 909 657 971 ria
683 907 825 992 aberant,
853 928 927 971 cum
954 909 1032 971 duas
1059 908 1184 973 venisse

132 1012 273 1095 legiones
296 1014 396 1077 missu
418 1012 558 1077 Caesaris
581 1018 783 1097 cognoscunt
828 1015 937 1098 positis
952 1014 1063 1078 eastris
1085 1033 1104 1077 a
1126 1015 1211 1080 ini-a

133 1117 218 1181 libus
245 1137 396 1201 passuum
423 1118 487 1182 XV
514 1119 633 1182 auxilia
660 1119 889 1184 Germanorum
915 1124 1080 1203 expectare
1110 1138 1184 1182 con·

132 1225 274 1289 stituunt
318 1223 476 1288 Labienus
499 1225 637 1288 hostium
652 1227 776 1310 cognito
792 1226 922 1289 oonsilio
943 1244 1072 1308 sperans
1087 1230 1212 1291 teme-e

132 1331 228 1395 ritate
246 1348 355 1394 eorum
378 1329 444 1393 fore
467 1330 606 1412 aliquam
629 1330 800 1395 dimicandi
821 1331 1002 1396 facrrltatem
1027 1331 1183 1414 praesidio

132 1435 163 1496 V
186 1436 363 1498 cohortium
390 1435 621 1518 impedimentis
647 1437 755 1500 relicto
782 1457 855 1501 cum
877 1436 976 1500 XXV
1003 1437 1184 1503 cohortibus

131 1559 310 1624 magnoque
338 1541 481 1623 equitatu
511 1546 620 1605 contra
646 1542 768 1607 hostem
793 1542 1005 1627 proficiscitur
1036 1548 1068 1609 et
1096 1543 1183 1609 mille

131 1666 281 1729 passuum
303 1646 481 1710 intermisso
509 1649 608 1730 spatio
641 1652 742 1712 castra
768 1649 949 1712 communit
1004 1653 1071 1714 erat
1100 1651 1210 1714 intere

131 1750 307 1813 Labienum
329 1757 424 1832 atque
447 1752 568 1816 hostem
591 1751 713 1816 difficili
740 1755 874 1817 transitu
896 1753 1016 1818 flumen
1043 1756 1183 1838 ripisque

130 1857 315 1939 praeruptis.
365 1856 425 1920 hoo
456 1875 560 1939 neque
592 1858 659 1941 ipse
690 1859 823 1922 transire
855 1858 990 1922 habebat
1015 1860 1049 1922 in
1077 1861 1182 1923 animo

131 1979 235 2042 neque
257 1961 363 2026 hostes
386 1963 573 2026 transituros
596 1963 802 2027 existimabat.
848 1963 1021 2047 augebatur
1047 1965 1183 2028 arrrilio·

130 2085 203 2129 rum
225 2067 339 2132 cotidie
362 2086 441 2151 spes.
478 2067 620 2150 loquitur
634 2069 777 2133 consulto
793 2068 909 2152 palam,
933 2069 1083 2151 quoniam
1106 2069 1212 2136 (ier-o

129 2173 217 2235 mani
239 2173 491 2257 adpropinquare
514 2174 672 2257 dicantur,
695 2193 764 2239 sese
787 2194 862 2238 suas
877 2176 1097 2257 exercitusque
1120 2176 1182 2240 for·

48 2314 49 2317 =
129 2282 222 2342 tunas
245 2280 279 2341 in
302 2279 434 2343 dubium
457 2299 522 2343 non
546 2279 771 2343 devocaturum
798 2284 830 2344 et
851 2284 974 2364 postero
1003 2281 1054 2344 die
1080 2283 1181 2365 prima

128 2384 200 2448 luce
222 2390 322 2448 eastra
344 2391 513 2449 moturum.
551 2386 695 2450 celeriter
716 2386 794 2450 haec
812 2385 852 2449 ad
867 2386 971 2450 hostes
988 2387 1208 2473 defeumtur,r

128 2495 165 2553 ut
188 2509 229 2554 ex
251 2510 366 2575 magno
390 2491 552 2555 Gallorum
576 2492 719 2572 equitum
741 2510 875 2554 numero
898 2510 964 2555 non
986 2492 1092 2558 nullos
1108 2493 1180 2558 Gal·

129 2596 198 2660 licis
220 2596 315 2659 rebus
337 2597 441 2662 favere
463 2602 577 2660 natura
599 2598 737 2680 cogebat
782 2595 941 2662 Labienus
968 2602 1059 2663 nocte
1081 2599 1207 2664 tribu-a

129 2703 179 2764 nis
202 2703 338 2765 militum
360 2703 533 2786 primisque
556 2702 720 2766 ordinibus
744 2704 935 2789 convocatis,
964 2704 1042 2787 quid
1064 2706 1116 2769 sui
1139 2706 1181 2772 sit

129 2808 267 2890 consilii,
299 2810 446 2891 proponit
477 2814 521 2890 et,
554 2827 616 2891 quo
643 2809 768 2872 facilius
799 2809 942 2873 hostibus
974 2811 1096 2876 timoris
1128 2812 1181 2877 det

129 2914 355 2996 suspicionem,
386 2916 504 2979 maiore
537 2916 668 2998 strepitu
699 2919 729 2977 et
760 2914 913 2998 tumultu,
945 2934 1040 2997 quam
1071 2917 1180 3001 populi

128 3018 264 3083 Romani
285 3018 345 3082 fert
367 3019 573 3103 consuetudo,
597 3025 698 3084 castra
718 3022 840 3085 moveri
867 3021 963 3086 iubet
1007 3022 1058 3085 his
1084 3022 1180 3087 rebus

128 3125 220 3208 fugae
242 3125 378 3188 similem
400 3125 621 3207 profectionem
645 3125 747 3190 efficit
792 3126 868 3189 haec
892 3146 1018 3210 quoque
1046 3146 1102 3211 per
1124 3144 1206 3191 ex·a

128 3231 299 3312 ploratores
322 3234 394 3293 ante
416 3229 522 3294 lucem
543 3232 575 3292 in
592 3235 678 3294 tanta
692 3232 1115 3315 propinquitate-castrorum
1139 3234 1180 3299 ad

129 3335 234 3399 hostes
257 3334 447 3398 deferuntur.
491 3335 558 3397 Vix
585 3355 699 3419 agmen
725 3338 935 3401 novissimum
962 3342 1052 3402 extra
1074 3340 1215 3403 muni-8

128 3441 232 3503 tiones
254 3445 459 3524 processerat,
482 3459 554 3503 aum
579 3440 661 3504 Galli
683 3442 837 3506 cohortati
862 3444 945 3508 inter
966 3461 1013 3524 se,
1040 3463 1082 3509 ne
1109 3464 1179 3529 spe-

129 3550 228 3610 ratam
251 3545 398 3629 praedam
421 3565 463 3609 er
484 3545 632 3609 manibus
648 3547 854 3612 dimitterent:
878 3549 1009 3633 longum
1025 3569 1093 3614 esse
1109 3570 1179 3634 per·

128 3653 246 3716 territis
268 3650 417 3715 Romanis
441 3651 668 3715 Germanorum
692 3653 848 3716 auxilium
872 3660 1050 3739 expectare,
1073 3674 1178 3739 neque

128 3779 219 3823 suam
241 3759 306 3841 pati
329 3757 525 3840 dignitatem,
551 3761 587 3820 ut
608 3758 704 3822 tantis
726 3759 825 3841 copiis
852 3763 917 3822 tam
940 3762 1089 3844 exiguam
1111 3782 1178 3826 ma·

127 3883 204 3927 num
234 3864 416 3948 praesertim
442 3862 614 3946 fugientem
641 3867 735 3945 atque
761 3865 943 3948 impeditam
969 3867 1086 3931 adoriri
1113 3887 1178 3932 non

172 3984 261 4035 em,
275 3985 301 4027 n.
317 3983 372 4027 om
1002 3985 1020 4041 3
