2738 4424
449 249 557 306 LIBER
573 251 635 308 VIL
654 251 730 308 OAP.
749 251 870 308 tto-ee.
1125 234 1187 299 161

130 429 272 496 quanam
293 417 390 493 atque
411 411 503 476 illum
527 432 653 478 omnem
676 413 782 477 locum
803 429 993 497 magnopere
1010 410 1188 495 impediret,

129 517 185 583 hic
207 517 352 582 consedit
373 522 561 600 nostrosque
588 519 725 583 transitu
750 516 918 602 prohibere
939 517 1084 582 instituit
1129 515 1188 580 La-
1205 523 1243 582 58

128 622 247 689 bienus
268 623 371 707 primo
386 623 496 688 vincas
515 641 623 707 agere,
645 624 784 688 cratibus
799 627 894 707 atque
912 641 1026 708 aggere
1040 621 1188 707 paludem

129 729 261 814 explere
283 733 379 812 atque
401 730 462 793 iter
483 730 609 795 munire
632 729 813 793 conabatur.
857 734 1025 813 postquam
1050 727 1085 792 id
1107 725 1215 798 ciffi-2

130 835 224 900 cilius
253 833 324 898 fiori
351 834 586 918 animadvortit,
617 835 742 900 silentio
774 853 792 898 e
819 836 929 898 caenis
960 835 1052 898 tertia
1078 833 1189 918 vigilia

129 961 277 1026 egressus
292 941 418 1025 eodem,
437 959 499 1023 quo
517 947 661 1026 venerat,
681 942 794 1006 itinere
807 941 1017 1005 Metiosedum
1034 941 1187 1024 pervenit

130 1047 165 1112 id
187 1052 237 1113 est
258 1047 410 1131 oppidum
425 1044 588 1111 Senonum
610 1048 646 1110 in
667 1047 774 1112 insula
793 1045 959 1129 Sequanae
980 1047 1129 1130 positum,
1151 1048 1214 1115 uto

130 1153 225 1238 paulo
249 1157 322 1217 ante
346 1153 385 1218 de
407 1150 533 1216 Lutetia
555 1153 703 1216 diximus.
746 1150 948 1236 deprehensis
969 1146 1112 1216 naribus*
1128 1152 1214 1221 cir-t

130 1260 210 1325 citer
231 1258 258 1324 L
280 1259 485 1342 celeriterque
507 1259 686 1323 coniunctis
708 1261 803 1340 atque
826 1276 863 1323 eo
882 1257 1037 1322 militibus
1057 1257 1188 1341 imposi-

130 1366 171 1430 tis
199 1365 302 1430 atrei
328 1365 468 1430 novitate
495 1365 669 1448 perterritis
696 1363 875 1448 oppidanis,
907 1382 1043 1447 quorum
1071 1381 1188 1448 magna

130 1491 203 1556 pars
235 1476 302 1535 orat
334 1471 375 1535 ad
406 1469 526 1535 bellum
560 1474 701 1553 evocata,
735 1470 805 1532 sine
838 1470 1038 1535 contentione
1072 1469 1187 1553 oppido

130 1578 257 1661 potitur.
300 1576 417 1641 refecto
444 1580 555 1660 ponte,
583 1593 677 1658 quem
704 1575 920 1658 superioribus
947 1574 1059 1640 diebus
1082 1577 1215 1646 hostess

129 1681 338 1764 recciderant,
370 1683 547 1746 exercitum
578 1681 718 1745 traducit
748 1685 781 1746 et
811 1681 951 1746 secundo
982 1680 1115 1746 flumine
1147 1680 1187 1745 ad

129 1786 289 1851 Lutetiam
311 1788 372 1851 iter
392 1787 496 1852 facero
518 1788 629 1871 coepit
666 1787 772 1850 hostes
794 1787 974 1870 recognita
996 1786 1035 1851 ab
1055 1787 1108 1868 iis,
1132 1788 1214 1868 quia

131 1890 306 1957 Metiosedo
332 1892 548 1976 profugerant,
577 1891 736 1957 Lutetiam
761 1892 891 1957 incendi
916 1897 1092 1975 pontesque
1118 1893 1186 1956 eius

131 1998 241 2082 oppidi
270 1998 409 2062 rescindi
439 1997 564 2081 iubent3
602 1999 663 2082 ipsi
695 1997 826 2082 profecti
858 2018 877 2061 a
906 1996 1021 2081 palude
1052 1998 1088 2060 in
1119 1999 1188 2081 ripa

130 2102 299 2188 Sequanae
326 2123 344 2169 e
371 2104 501 2186 regione
526 2102 669 2169 Lutetiae
697 2109 805 2168 contra
826 2103 959 2168 Labieni
986 2108 1086 2168 castra
1113 2123 1187 2168 con·

130 2211 249 2276 sidunt
294 2209 363 2274 Iam
395 2207 509 2274 Caesar
541 2229 560 2273 a
592 2208 748 2295 Gergovia
780 2210 961 2274 discessisse
991 2209 1186 2293 audiebatur,
1204 2227 1240 2284 5⁹

130 2317 196 2380 iam
223 2315 262 2380 de
290 2315 495 2380 Haeduorum
523 2314 698 2381 defectione
729 2322 761 2381 et
786 2315 925 2380 secundo
953 2314 1073 2380 Galliae
1098 2320 1187 2380 motu

130 2441 275 2487 rumores
297 2421 521 2487 adferebantur
544 2420 691 2505 Gallique
717 2423 754 2486 in
775 2422 954 2503 conloquiis
980 2421 1186 2486 interclusum

130 2529 245 2593 itinere
272 2533 305 2594 et
330 2528 436 2613 Ligeri
464 2528 630 2594 Caesarem
661 2530 768 2612 inopia
798 2528 950 2592 frumenti
981 2534 1124 2593 coactum
1151 2529 1187 2593 in

131 2635 329 2719 provinciam
344 2634 546 2699 contendisse
562 2633 798 2698 confirmabant
835 2633 996 2698 Bellovaci
1011 2640 1119 2699 autem
1134 2635 1214 2704 dea

130 2740 266 2806 factione
292 2740 500 2805 Haeduorum
523 2741 661 2824 cognita,
689 2741 744 2821 qui
770 2741 835 2804 iam
861 2745 933 2806 ante
960 2746 1051 2805 erant
1076 2761 1133 2826 per
1155 2761 1188 2806 so

130 2844 289 2931 infideles,
316 2866 430 2911 manus
457 2864 568 2930 cogere
591 2851 685 2928 atque
708 2850 814 2930 aperte
836 2845 955 2912 bellum
976 2867 1087 2931 parare
1119 2867 1189 2912 coe-

131 2957 256 3037 penmt
300 2955 369 3017 turn
390 2950 551 3016 Labienus
577 2956 665 3015 tanta
690 2972 798 3017 rerum
826 2954 1069 3017 commutatione
1095 2954 1216 3037 longes

128 3056 220 3122 aliud
251 3057 314 3123 sibi
345 3057 533 3141 capiendum
565 3059 747 3140 consilium,
781 3063 875 3140 atque
911 3063 1005 3123 antea
1040 3062 1189 3137 senserat,

130 3163 337 3248 intellegebat
358 3181 462 3245 neque
485 3163 563 3244 iarn,
586 3166 623 3225 ut
649 3162 770 3244 aliquid
798 3162 979 3244 adquireret
1004 3162 1215 3247 proelioquer

131 3269 240 3334 hostes
254 3270 434 3349 lacesseret,
456 3267 512 3331 sod
531 3271 568 3330 ut
585 3267 779 3331 incolumem
799 3269 974 3333 exercitum
988 3267 1190 3351 Agedincum

67 3440 68 3443 ,
132 3375 310 3455 reduceret,
338 3372 502 3456 cogitabat
546 3390 686 3454 namque
708 3373 806 3436 altera
833 3392 874 3436 ex
905 3377 994 3456 parte
1020 3372 1218 3458 Bellovacis

130 3497 217 3562 quas
240 3478 351 3542 civitas
373 3479 407 3540 in
424 3475 527 3540 Gallia
548 3478 721 3540 maximam
743 3477 836 3541 habet
859 3478 1040 3562 opinionem
1055 3480 1191 3561 virtutis,

134 3582 308 3665 instabant,
331 3583 461 3647 alteram
478 3580 710 3666 Camulogenus
729 3589 837 3667 parato
853 3589 947 3666 atque
966 3586 1120 3650 instructo
1136 3604 1191 3649 ex-

130 3690 236 3757 ercitu
251 3687 389 3770 tenebat,
413 3692 481 3752 tum
500 3687 641 3772 legiones
661 3689 850 3772 apraesidio
871 3696 966 3772 atque
985 3691 1191 3775 impedimen·

135 3797 177 3862 tis
199 3795 388 3860 interclusas
409 3794 587 3857 maximum
607 3793 729 3859 flumen
752 3795 930 3860 distinebat
968 3798 1064 3862 tantis
1087 3797 1219 3868 subitos

131 3901 376 3966 difficultatibus
404 3899 535 3964 obiectis
562 3898 601 3963 ab
629 3901 726 3964 animi
753 3901 873 3966 virtute
900 3903 1056 3966 auxilium
1084 3910 1193 3987 peten-

180 4020 382 4075 caw‚s.con
1002 4026 1032 4076 11
