2738 4424
251 226 292 290 68
647 243 752 298 annm
770 243 910 298 1111111

225 422 414 469 occasurum
436 422 474 469 eo
498 403 551 469 die
574 404 670 486 dixit;
693 404 758 468 huc
779 410 905 488 postero
929 404 980 469 die
1000 423 1096 487 quam
1118 400 1311 485 frequentis·

250 509 322 571 simi
353 510 572 592 convenirent,
608 514 645 574 ut
663 509 720 577 ,de
751 529 863 576 eorum
893 509 1060 594 postulatis
1096 511 1309 592 cognosceret

224 616 376 683 aiuterim
400 615 440 679 ad
462 616 647 700 praefectos,
674 616 826 700 quicum
849 617 936 680 omni
962 616 1105 698 equitatu
1132 620 1310 679 antecesse-

251 725 334 804 rant,
356 722 465 803 mittit,
488 723 544 805 qui
565 722 763 804 nuntiarent,
785 741 827 787 ne
848 721 954 787 hostes
976 721 1095 807 proelio
1117 721 1310 784 lacesserent

251 832 294 910 et,
316 828 344 890 si
357 827 419 910 ipsi
431 827 675 911 lacesserentur,
693 828 898 911 sustinerent,
922 828 1026 911 quoad
1041 827 1109 912 ipse
1127 842 1310 890 1111111111-

198 953 232 1006 1‘2
251 933 316 996 citu
336 933 465 1015 propius
488 934 679 998 accessisset
723 935 768 998 At
789 934 908 1016 hostes,
936 933 991 997 ubi
1017 934 1156 1017 primum
1182 936 1309 996 nostros

252 1039 374 1120 equites
400 1045 648 1122 conspexenmt,
681 1057 817 1121 quorum
844 1044 912 1104 erat
936 1039 968 1102 V
994 1039 1118 1103 milium
1145 1055 1309 1119 numanis,

251 1164 323 1208 cum
349 1145 411 1227 ipsi
433 1163 498 1208 non
526 1145 661 1229 amplius
687 1141 794 1210 Doce
822 1145 945 1229 equites
972 1144 1136 1227 haberent,
1163 1142 1249 1227 quod
1274 1143 1309 1225 ii,

253 1251 308 1333 qui
330 1250 544 1314 frumentandi
559 1269 655 1315 causa
668 1252 772 1316 ierant
786 1255 872 1316 trans
887 1251 1023 1333 Mosam,
1044 1250 1189 1314 nondum
1206 1248 1310 1314 redie-

251 1360 334 1437 rant,
361 1355 441 1419 nihil
469 1355 655 1420 timentibus
683 1358 812 1439 nostris,
843 1357 929 1438 quod
952 1356 1047 1440 legati
1075 1374 1186 1421 eorum
1212 1354 1308 1437 paulo

252 1466 324 1524 ante
348 1481 367 1523 a
389 1459 520 1525 Caesare
544 1461 753 1527 discesserant
774 1467 869 1545 atque
890 1463 919 1527 is
935 1462 1002 1527 dies
1024 1461 1157 1526 indutiis
1179 1465 1247 1525 erat
1267 1459 1308 1523 ab

252 1567 301 1630 his
322 1567 453 1650 petitus,
475 1567 596 1651 impetu
619 1566 700 1632 facto
724 1568 865 1632 celeriter
887 1572 1011 1632 nostros
1029 1567 1307 1652 perturbaverunt3

225 1691 361 1741 rrursus
383 1672 432 1737 his
454 1672 672 1737 resistentibus
694 1674 924 1738 consuetudine
951 1692 1010 1737 sua
1036 1673 1076 1737 ad
1103 1672 1199 1757 pedes
1226 1671 1309 1736 desi-

253 1779 381 1842 luerunt
402 1777 617 1859 subfossisque
640 1778 731 1861 equis
746 1778 1025 1863 compluribusque
1040 1779 1156 1843 nostris
1179 1777 1309 1842 deiectis

139 1919 141 1924 ·
252 1885 391 1967 reliquos
417 1884 454 1948 in
475 1883 582 1968 fugam
609 1885 813 1949 conieoenrnt
838 1889 932 1968 atque
959 1886 1004 1948 ita
1029 1885 1210 1969 perterritos
1237 1901 1309 1967 ege-

251 1995 340 2072 nmt,
362 1994 486 2053 utnon
507 1990 596 2074 prius
614 1989 690 2074 tuga
705 1990 904 2074 desisterent,
928 2010 1024 2075 quam
1045 1991 1082 2055 in
1104 1994 1309 2073 conspectum

224 2097 387 2181 augminis
417 2097 519 2161 nostri
550 2096 721 2161 venissent
774 2098 808 2160 in
843 2115 880 2161 eo
916 2096 1035 2181 proelio
1072 2114 1113 2159 ex
1148 2094 1309 2176 equitibus

225 2204 368 2269 «nostris
390 2201 625 2267 interficiuntur
646 2202 713 2266 1111
735 2207 767 2267 et
787 2202 893 2285 LXX,
921 2203 955 2265 in
977 2202 1027 2267 his
1049 2203 1099 2266 vir
1120 2201 1309 2266 fortissimus

252 2307 326 2371 Piso
348 2309 543 2390 Aquitanus,
565 2308 758 2392 amplissimo
780 2327 897 2392 genere
918 2314 1025 2391 natus,
1053 2309 1145 2372 cuiue
1168 2326 1247 2371 avus
1273 2307 1310 2371 in

253 2414 377 2478 civitate
409 2433 468 2478 sua
496 2433 631 2498 regnum
659 2414 837 2479 obtinuerat
863 2416 983 2478 amicus
1014 2419 1171 2479 asenatu
1201 2416 1308 2478 nostro

226 2519 434 2603 cappellatus.
480 2519 532 2583 hic
554 2539 627 2584 cum
641 2519 729 2583 fratri
744 2519 915 2585 intercluso
931 2519 970 2583 ab
986 2519 1129 2585 hostibus
1152 2519 1309 2583 auxilium

253 2624 360 2706 ferret,
395 2625 487 2688 illum
518 2644 559 2689 ex
589 2626 731 2709 periculo
764 2627 892 2709 eripuit,
927 2626 996 2709 ipse
1028 2645 1110 2708 equo
1142 2625 1308 2690 vulnerato

228 2731 406 2812 sdeiectus,
440 2731 545 2812 quoad
571 2732 686 2814 potuit,
717 2730 885 2796 fortissime
912 2732 1040 2812 aestiua
1073 2750 1147 2796 cum
1174 2732 1309 2795 circum·

253 2841 368 2900 renms
403 2836 512 2900 multis
546 2836 732 2902 vulneribus
767 2838 903 2921 acceptis
939 2836 1106 2902 cecidisset
1143 2842 1238 2919 atque
1274 2837 1309 2900 id

252 2943 361 3024 irater,
384 2943 441 3026 qui
462 2943 526 3006 iam
547 2941 668 3026 proelio
687 2948 877 3025 excesserat,
899 2944 1009 3028 procul
1026 2942 1308 3025 animadvertisset,

253 3049 383 3113 incitato
415 3067 497 3131 equo
530 3067 564 3113 se
595 3048 737 3112 hostibus
765 3049 879 3113 obtulit
914 3054 1010 3132 atque
1041 3049 1225 3113 interfectus
1252 3053 1307 3113 est

202 3163 237 3220 13
254 3155 325 3219 Hoc
346 3154 427 3220 tacto
450 3155 571 3239 proelio
595 3153 709 3219 Caesar
735 3174 839 3238 neque
861 3156 926 3218 iam
948 3154 1009 3219 sibi
1030 3154 1150 3240 legatos
1176 3154 1308 3219 audien·

255 3262 311 3326 dos
344 3280 449 3345 neque
481 3261 684 3326 condiciones
718 3261 915 3344 accipiendas
947 3260 1156 3325 arbitrabatur
1188 3259 1228 3323 ab
1259 3261 1308 3342 iis,

256 3369 310 3450 qui
341 3387 399 3451 per
430 3367 538 3431 dolum
565 3371 659 3450 atque
686 3367 819 3432 insidias
845 3368 943 3451 petita
968 3385 1046 3450 pace
1076 3366 1160 3431 ultro
1187 3365 1308 3431 bellum

228 3474 449 3556 aintulissent3
482 3478 646 3557 expectare
678 3492 767 3557 vero,
799 3473 875 3536 dum
904 3473 1043 3538 hostium
1073 3472 1181 3556 copiae
1213 3490 1308 3554 auge-

254 3583 366 3643 rentur
388 3579 610 3662 equitatusque
627 3583 851 3662 reverteretur,
874 3598 1016 3643 summae
1040 3578 1216 3642 dementiae
1239 3594 1307 3640 esse

228 3685 427 3768 uindicabat,
454 3689 486 3750 et
507 3687 633 3769 cognita
656 3683 818 3748 Gallorum
839 3684 1034 3768 infirmitate,
1063 3687 1217 3767 quantum
1244 3682 1307 3744 iarn

255 3790 339 3874 apud
362 3810 416 3855 eos
438 3791 543 3855 hostes
564 3809 630 3854 uno
652 3790 771 3874 proelio
794 3791 988 3855 auctoritatis
1011 3792 1117 3854 essent
1138 3789 1309 3870 consecuti,

256 3896 424 3979 sentiebat,
449 3896 564 3979 quibus
586 3896 627 3961 ad
641 3897 774 3961 consilia
791 3896 945 3981 capienda
958 3894 1039 3958 nihil
1061 3894 1153 3978 spatii
1168 3893 1306 3958 dandum
