2738 4424
472 299 579 355 LIBER
594 301 643 356 ΙΙΙ.
664 301 739 356 ΟΔΡ.
755 302 871 358 14-18.
1155 293 1194 355 57

145 462 199 522 est
243 477 319 522 nam
341 478 415 523 cum
437 460 539 524 omnis
561 461 723 542 iuventus,
746 480 855 526 omnes
870 463 964 527 etiam
979 464 1132 548 gravimis
1146 484 1223 533 aea

144 564 229 648 tatis,
259 564 296 629 in
326 565 442 648 quibus
472 565 593 647 aliquid
625 567 749 630 consilii
782 575 837 631 aut
868 567 1028 652 dignitatis
1053 569 1128 652 fuit,
1159 589 1196 636 eo

145 676 371 755 convenerant,
396 675 478 754 tum,
500 672 631 734 navium
655 672 740 754 quod
762 672 880 757 ubique
903 674 1017 756 fuerat,
1040 675 1074 738 in
1097 694 1197 740 unum

144 776 251 840 locum
273 780 453 860 coegerant3
486 776 602 860 quibus
630 780 753 842 amissis
780 779 895 864 reliqui
922 799 1039 864 neque,
1072 799 1135 863 quo
1162 800 1223 849 see

143 882 328 965 reciperent,
345 900 460 966 neque,
475 901 570 965 quem
586 882 626 946 ad
641 884 771 947 modum
787 886 902 969 oppida
916 885 1127 970 defenderent,
1142 886 1196 950 ha

145 985 270 1051 bebant
313 987 421 1071 itaque
443 1007 477 1053 se
499 1008 620 1072 suaque
648 991 755 1052 omnia
777 988 900 1054 Caesari
923 991 1120 1056 dediderunt.
1161 993 1223 1060 ina

144 1113 225 1176 quos
256 1111 293 1158 eo
324 1094 453 1178 gravius
481 1091 595 1158 Caesar
625 1084 855 1160 vindicandum
881 1098 1003 1180 sumit,
1034 1116 1098 1181 quo
1125 1098 1196 1162 dili-

143 1200 269 1282 gentius
290 1199 325 1261 in
347 1200 507 1284 reliquum
523 1204 647 1284 tempus
670 1220 688 1264 a
708 1200 851 1267 barbaris
866 1203 917 1267 ius
933 1203 1106 1287 legatorum
1122 1222 1196 1268 con-

143 1309 329 1368 servaretur.
366 1306 473 1388 itaquo
495 1305 582 1369 omni
597 1313 709 1369 senatu
723 1311 834 1371 necato
849 1307 990 1390 reliquos
1004 1307 1064 1372 sub
1080 1327 1196 1373 corona

143 1410 294 1474 vendidit

229 1515 316 1580 Dum
347 1516 424 1579 hacc
454 1516 489 1578 in
510 1515 643 1580 Venetis
675 1523 843 1600 geruntur,
875 1515 910 1593 Q„
936 1517 1075 1583 Titurius
1106 1518 1195 1583 Sabi·
1212 1528 1247 1583 lt

141 1641 203 1686 nus
230 1640 304 1686 curn
330 1622 370 1685 iis
397 1622 508 1706 copiis,
536 1640 615 1705 quas
643 1641 661 1685 a
687 1619 818 1687 Caesare
849 1627 1022 1707 acceperat,
1052 1625 1089 1689 in
1114 1623 1195 1690 fines

141 1727 348 1792 Venellorum
370 1728 522 1810 pervenit
566 1727 617 1791 his
639 1734 781 1812 praeerat
794 1728 964 1793 Viridovix
986 1747 1023 1792 ac
1037 1748 1221 1798 summama

141 1833 267 1916 imperii
298 1831 424 1896 tenebat
451 1850 560 1896 earum
588 1833 730 1897 omnium
757 1833 934 1920 civitatum,
966 1853 1048 1917 quae
1074 1835 1195 1901 defece-

141 1943 226 2022 rant,
258 1957 300 2003 ex
331 1938 447 2021 quibus
479 1940 656 2004 exereitum
682 1958 875 2022 magnasque
903 1941 1008 2023 copias
1035 1946 1192 2025 coegerat3

141 2050 236 2128 atque
262 2045 312 2108 his
338 2044 450 2128 paucis
477 2043 591 2109 dicbus
617 2044 746 2108 Arderci
774 2045 971 2110 Eburovices
996 2044 1220 2129 Lexoviiquer

141 2155 253 2216 senatu
274 2168 333 2216 suo
355 2149 532 2233 interiecto,
560 2150 646 2232 quod
668 2155 810 2214 auctores
838 2150 913 2213 belli
942 2168 1010 2215 esse
1036 2150 1194 2234 nolebant

139 2262 245 2341 portas
276 2256 458 2320 clauserunt
488 2273 587 2338 sequa
618 2273 692 2318 curn
723 2254 906 2319 Viridovice
941 2256 1190 2339 coniunxerunt;

140 2380 318 2447 magnaque
343 2369 505 2446 praeterea
529 2360 699 2425 multitudo
728 2361 871 2443 undique
893 2379 935 2426 ex
959 2360 1061 2426 Gallia
1088 2363 1219 2446 perdi-r

141 2475 245 2533 torum
275 2468 441 2532 hominum
472 2467 694 2551 latronumque
725 2471 914 2531 convenerat
945 2471 977 2531 et
1009 2486 1090 2550 quos
1120 2487 1192 2551 spes

138 2574 312 2660 praedandi
333 2572 541 2656 studiumque
555 2571 694 2637 bellandi
712 2571 751 2636 ab
767 2573 836 2656 agri
851 2573 976 2637 cultura
990 2577 1022 2637 et
1036 2573 1191 2638 cotidiano

140 2681 246 2745 labore
278 2678 452 2744 sevocabat
506 2676 643 2743 Sabinus
673 2678 787 2742 idoneo
818 2677 965 2743 omnibus
997 2677 1092 2743 rebus
1121 2679 1219 2749 locor

140 2788 250 2851 castris
274 2805 343 2852 sese
364 2784 503 2868 tenebat,
526 2804 599 2849 cum
621 2784 792 2848 Viridovix
820 2796 929 2848 contra
956 2803 1029 2850 eum
1056 2785 1193 2849 duorum

141 2893 267 2956 milium
289 2891 389 2976 spatio
412 2889 604 2956 consedisset
629 2891 808 2974 cotidieque
830 2890 992 2974 productis
1014 2891 1113 2975 copiis
1135 2911 1193 2973 pu-

142 2996 259 3080 gnandi
281 3001 465 3081 potestatem
486 2997 615 3079 facorct,
636 3002 672 3060 ut
693 2996 757 3060 ianr
779 3016 845 3059 non
868 2997 969 3060 solum
994 2996 1136 3060 hostibus
1158 2997 1193 3061 in

142 3103 407 3186 contemptionem
430 3101 565 3166 Sabinus
589 3103 723 3185 reniret,
745 3101 800 3166 sed
824 3102 917 3165 etiam
940 3112 1118 3166 nostrorum
1134 3102 1193 3165 mi·

142 3209 234 3272 litum
256 3207 389 3273 vocibus
412 3227 476 3271 non
494 3208 576 3271 nihil
591 3216 771 3291 carperetur
809 3214 991 3289 tantamque
1013 3207 1219 3290 opinionemr
1257 3194 1259 3199 ⁴

143 3314 265 3378 timoris
287 3312 443 3397 praebuit,
464 3317 501 3376 ut
522 3313 586 3376 iam
608 3313 646 3376 ad
663 3313 782 3376 vallum
798 3319 969 3376 castrorum
985 3312 1091 3377 hostes
1105 3330 1193 3376 aoce-

144 3421 218 3484 dere
241 3419 400 3483 auderent
446 3418 475 3481 id
500 3436 538 3482 ea
559 3418 599 3482 de
622 3436 713 3482 causa
738 3417 884 3496 faciebat,
908 3417 991 3501 quod
1015 3437 1088 3481 curn
1106 3424 1219 3488 mutar

143 3524 349 3590 multitudine
372 3523 524 3602 hostium,
547 3523 729 3605 praesertim
749 3540 786 3586 eo
802 3521 943 3603 absente,
967 3524 1020 3604 qui
1037 3543 1192 3587 summam

144 3631 267 3716 imperii
294 3635 427 3713 teneret,
454 3627 515 3691 nisi
548 3646 649 3708 aequo
678 3628 746 3690 loco
773 3639 827 3691 aut
854 3629 1061 3710 oportunitate
1087 3629 1193 3712 aliqua

145 3737 216 3802 data
237 3737 340 3821 legato
359 3734 570 3798 dimicandum
594 3751 658 3796 non
675 3733 881 3797 existimabat.
920 3733 988 3798 Hac
1012 3733 1194 3800 confirmata
1210 3742 1245 3799 1⁸

145 3843 292 3927 opinione
314 3840 435 3906 timoris
457 3839 606 3902 idoneum
631 3840 787 3921 quendum
813 3839 967 3902 hominem
992 3846 1022 3905 et
1044 3841 1194 3904 callidum

146 3949 273 4031 delegit,
296 3945 435 4019 Gallum.
457 3961 495 4008 ex
519 3943 573 4022 iis,
596 3961 676 4025 quos
692 3944 802 4007 auxilii
819 3963 914 4007 causa
929 3963 1034 4008 secum
1052 3945 1193 4011 habebat
