2738 4424
469 283 841 340 usserman-10.
924 368 927 373 .
1160 269 1179 331 ὅ

128 444 243 507 iniuria
269 449 301 509 et
326 445 481 511 maleficio
509 446 716 510 existimabat
764 450 882 528 tamen,
910 449 946 510 ut
971 445 1106 529 spatium
1132 446 1208 512 iri-⁸

128 551 287 615 teroedere
317 556 435 636 posset,
471 552 548 615 dum
577 551 707 636 milites,
744 570 823 634 quos
854 552 1076 636 imperaverat,
1107 570 1182 615 con·

127 657 286 740 venirent,
324 657 435 741 legatis
471 659 634 741 respondIt
669 659 753 723 diem
789 677 823 723 se
863 658 903 722 ad
942 657 1182 723 deliberandum

128 768 342 844 sumpturum:
362 764 390 827 si
406 764 483 846 qnid
497 763 629 849 vellent,
652 764 693 828 ad
723 764 770 828 Id
801 763 902 848 April.
940 767 1181 828 reverterentur.

127 869 254 934 Interea
280 888 318 933 ea
344 869 481 955 legione,
514 888 610 952 quam
636 888 745 934 secum
773 869 923 952 habebat,
955 868 1216 950 militibusque,8

129 976 183 1056 qui
210 995 252 1039 err
278 976 440 1059 provincia
466 980 691 1058 convenerant,
722 994 741 1038 a
766 975 839 1040 lacu
864 974 1039 1059 Lemanno,
1067 975 1122 1057 qui
1147 974 1183 1038 irr

127 1079 247 1145 flumen
273 1080 463 1145 Rhodanum
489 1080 607 1166 influit,
634 1081 675 1145 ad
701 1086 842 1146 montem
868 1081 988 1165 Iuram,
1020 1081 1077 1163 qui
1101 1078 1183 1145 fines

128 1186 348 1269 Sequanorum
375 1188 414 1251 ab
437 1186 594 1252 HelvetiIs
617 1186 741 1271 dividit,
768 1187 858 1251 milia
879 1206 1031 1271 passuum
1051 1185 1183 1250 XVIIII

127 1313 255 1357 murum
285 1294 320 1356 in
351 1293 550 1358 altitudinem
580 1294 698 1377 pedum
730 1293 867 1358 sedecim
900 1293 1079 1375 fossamque
1112 1310 1183 1375 per-

128 1398 222 1463 ducit
260 1418 297 1464 eo
321 1417 415 1483 opere
437 1398 574 1482 perfecto
596 1399 754 1483 praesidia
776 1399 926 1483 disponit,
948 1398 1076 1463 castella
1098 1416 1209 1464 com-r

127 1506 243 1587 munit,
266 1524 329 1588 quo
346 1504 483 1587 facilius,
505 1505 533 1568 si
551 1523 585 1569 se
607 1505 708 1570 inrito
731 1506 864 1570 transire
887 1509 1089 1589 conarentur,
1111 1524 1183 1588 pro·

127 1611 237 1675 hibere
264 1615 377 1694 posset
421 1610 477 1674 ubi
511 1629 549 1676 θα
576 1611 656 1693 dies,
689 1629 784 1693 quam
811 1611 1016 1676 constituerat
1042 1629 1116 1675 cum
1137 1611 1208 1677 lec

127 1718 221 1800 gatis,
248 1716 336 1780 venit
358 1719 388 1780 et
410 1716 504 1800 legati
527 1717 567 1780 ad
587 1736 662 1782 eum
682 1721 895 1801 reverterunt,
922 1721 1017 1800 negat
1038 1734 1072 1781 se
1094 1735 1182 1781 more

128 1828 160 1886 et
182 1821 327 1905 exemplo
348 1821 458 1905 populi
479 1822 614 1886 Romani
635 1841 727 1907 posse
749 1823 810 1887 iter
830 1823 889 1886 ulli
909 1841 966 1906 per
986 1822 1183 1906 provinciam

128 1928 202 1992 dare
229 1932 274 2011 et,
305 1928 333 1991 si
359 1928 425 1990 vlrn
451 1927 553 1993 iacere
580 1932 747 2013 conentur,
778 1927 1011 2012 prohibiturum
1038 1928 1182 1992 ostendit

128 2033 269 2098 Helvetii
300 2052 418 2117 caspe
446 2033 559 2098 deiecti
585 2033 720 2098 navibus
745 2035 862 2098 iunctis
887 2034 1071 2116 ratibusque
1099 2052 1208 2100 com-r

127 2140 272 2224 pluribus
297 2138 400 2224 sertia,
427 2138 482 2202 alii
508 2139 597 2204 radIs
618 2139 779 2222 Rhodani,
807 2159 870 2223 qua
890 2140 1024 2204 minima
1050 2139 1182 2203 altitudo

127 2245 270 2310 fluminis
293 2249 372 2329 erat,
394 2264 459 2309 non
480 2264 656 2329 numquam
682 2245 834 2328 interdiu,
868 2245 993 2328 saepius
1018 2250 1128 2329 noctu,
1155 2245 1183 2309 ei
1280 2240 1281 2244 ’

128 2371 330 2435 perrumpere
362 2356 503 2436 possent,
537 2353 642 2415 conati
675 2352 778 2436 operis
815 2351 992 2416 munitione
1030 2355 1062 2416 et
1098 2351 1183 2415 mili·

128 2463 197 2521 tum
235 2476 392 2522 concursu
425 2461 457 2522 et
489 2457 560 2523 teIIs
593 2457 713 2542 repulsi
744 2459 805 2522 hoc
838 2462 954 2522 conatu
987 2458 1181 2522 destiterunt

133 2563 379 2646 Relinquebatur
399 2582 465 2627 una
494 2582 552 2647 per
578 2561 741 2647 Sequanos
767 2564 831 2649 ria,
864 2583 928 2647 qua
954 2561 1109 2646 Sequanis
1135 2565 1219 2627 ina

129 2671 203 2733 vitis
233 2674 359 2754 propter
389 2670 551 2753 angustias
581 2671 627 2735 ire
658 2689 724 2734 non
749 2673 899 2755 poterant
950 2669 1001 2734 hIs
1027 2689 1101 2734 cum
1127 2689 1210 2736 suar

130 2779 240 2859 sponte
266 2775 456 2859 persuadere
482 2794 548 2840 non
574 2781 715 2859 possent,
742 2776 862 2861 legatos
888 2776 929 2840 ad
955 2773 1183 2860 Dumnorigem

130 2881 301 2945 Haeduum
322 2882 464 2964 mittunt,
485 2886 523 2946 ut
544 2900 581 2946 eo
604 2882 805 2966 deprecatore
825 2901 844 2944 a
863 2879 1017 2965 Sequanis
1036 2882 1184 2965 impetra

130 2991 208 3051 rent.
245 2985 426 3051 Dumnorix
440 2989 541 3071 gratia
563 2991 596 3052 et
615 2986 782 3071 largitione
805 2986 889 3071 apud
903 2985 1067 3070 Sequanos
1087 2987 1211 3070 pluri-e

131 3112 219 3156 mum
233 3097 355 3175 poterat
370 3098 401 3158 ct
414 3092 570 3158 Helvetiis
586 3097 653 3158 erat
672 3094 804 3176 amicus,
827 3093 913 3177 quod
935 3111 978 3158 ex
1000 3111 1038 3158 θα
1060 3093 1185 3156 civiate

133 3196 324 3282 OrgetorigIs
345 3197 444 3261 filiam
470 3199 507 3262 in
528 3199 763 3263 matrimonium
786 3201 932 3283 duxerat,
960 3202 991 3264 et
1014 3197 1185 3282 cupiditate

131 3304 223 3387 regni
253 3304 407 3368 adductus
437 3305 528 3368 novis
558 3304 654 3369 rebus
684 3304 830 3370 studebat
856 3310 888 3369 et
914 3324 1010 3388 quam
1034 3304 1186 3388 plurlmas

133 3411 274 3474 civitates
300 3428 359 3473 suo
387 3408 540 3474 beneficio
568 3409 684 3474 habere
711 3411 875 3476 obstrictas
901 3410 1034 3476 volebat
1079 3411 1213 3494 itaquae

132 3534 201 3580 rem
216 3515 359 3598 ,suscipit
389 3519 421 3579 et
447 3534 466 3578 a
492 3513 649 3598 Sequanis
674 3516 833 3600 impetrat,
863 3521 900 3581 ut
925 3535 982 3601 per
1007 3515 1087 3581 fines
1113 3535 1187 3581 suos

51 3612 55 3623 ’
133 3622 297 3687 Helvetios
324 3622 371 3685 ire
396 3621 569 3705 patiantur,
601 3621 789 3706 obsidesque
819 3623 868 3686 uti
899 3623 983 3688 inter
1009 3641 1077 3688 sese
1104 3623 1187 3705 dent,

133 3728 268 3813 perficit:
297 3726 450 3810 Sequani,
481 3746 522 3792 nc
548 3727 662 3792 itinere
689 3727 852 3794 Helvetios
881 3729 1080 3813 prohibeant,
1110 3728 1187 3793 Hel-

134 3836 222 3918 vetii,
244 3841 281 3899 ut
303 3834 372 3899 sinc
389 3832 543 3898 maleficio
567 3838 600 3899 et
615 3835 732 3899 iniuria
753 3839 922 3901 nauseant
958 3835 1084 3901 caesari
1105 3839 1239 3898 nun-1⁰

135 3942 231 4005 tiatur
267 3938 424 4005 Helvetiis
466 3958 534 4005 esse
570 3941 606 4005 in
643 3942 748 4006 animo
785 3959 843 4026 per
880 3961 990 4026 agrurn
1028 3941 1188 4025 Sequano-
