2738 4424
180 121 221 183 22
574 136 679 192 eamr
698 137 839 193 emmor

153 316 167 362 t
181 295 256 358 dum
272 297 378 380 cingit,
392 298 551 381 reliquum
567 300 713 382 spatium,
726 299 811 381 quod
823 302 871 364 est
885 317 950 394 non
966 296 1101 381 amplius
1115 295 1246 379 pedum

180 399 245 482 Dc,
257 420 320 484 qua
334 401 455 469 flumen
469 405 657 485 intermittit,
671 423 763 468 mons
774 406 914 469 confinet
928 422 1045 488 magna
1059 401 1246 484 altitudine,

180 508 237 592 ita,
260 511 296 571 ut
313 507 434 574 radices
452 510 521 573 eius
538 511 654 574 montis
676 528 718 574 ex
738 520 871 593 utraque
887 516 974 592 parte
992 510 1079 591 ripae
1093 506 1244 572 fluminis

154 615 371 699 econtingant.
407 614 493 680 hunc
513 635 623 679 murus
643 616 856 679 circumdatus
876 634 979 680 arcem
1000 613 1096 684 efficit
1113 619 1147 679 et
1161 632 1243 678 oum

154 720 294 804 roppido
318 721 490 804 coniungit
536 721 599 784 huc
622 721 745 786 Caesar·
763 722 887 805 maguis
909 722 1074 785 nocturnis
1097 719 1251 784 diumia-

181 843 245 908 que
271 826 439 892 itineribus
465 824 629 892 contendit
659 834 874 911 occupatoque
901 827 1014 911 oppido
1046 826 1092 891 ibi
1117 826 1241 910 praesi-

181 931 270 995 dium
294 933 444 997 conlocat

128 1047 165 1107 ae
269 1037 356 1102 Dum
381 1058 499 1122 paucos
527 1038 594 1102 dies
620 1039 660 1103 ad
685 1039 913 1104 Vesontionem
939 1040 986 1103 rei
1011 1038 1240 1103 frumentariae

182 1148 438 1227 commeatusque
457 1164 552 1207 causa
567 1150 716 1229 moratur,
740 1164 781 1208 ex
795 1145 1032 1229 percontatione
1053 1151 1237 1210 nostrorum

181 1251 377 1332 vocibusque
401 1250 562 1314 Gallorum
586 1270 622 1314 ao
645 1256 866 1334 mercatorum,
892 1252 947 1335 qui
969 1251 1091 1334 ingenti
1111 1251 1238 1334 magni·

181 1356 293 1420 tudine
316 1373 483 1439 corporum
500 1356 685 1438 Germanos,
707 1357 888 1420 incredibili
903 1358 1019 1420 virtute
1035 1360 1129 1440 atque
1144 1374 1237 1421 exer-

182 1461 330 1524 citatione
351 1461 385 1523 in
404 1461 500 1525 armis
519 1480 586 1526 esse
601 1463 837 1545 praedicabant,
857 1499 899 1508 —
919 1480 1145 1544 saepenumero
1166 1480 1237 1528 sese

182 1585 255 1629 cum
277 1566 326 1630 his
348 1585 532 1649 congressos
554 1587 595 1632 ne
609 1569 734 1631 vultum
755 1567 882 1650 quidem
898 1572 993 1650 atque
1012 1567 1113 1631 aciem
1128 1567 1237 1631 oculo-

181 1692 254 1736 rum
270 1671 416 1736 dicebant
429 1673 511 1736 ferre
525 1673 678 1755 potuisse,
694 1710 735 1720 —
759 1677 865 1736 tantus
880 1672 984 1737 subito
1000 1675 1093 1737 timor
1108 1691 1238 1738 omnem

182 1779 357 1842 exercitum
379 1780 557 1861 occupavit,
582 1783 703 1842 utnon
725 1779 925 1843 mediocriter
948 1781 1090 1842 omnium
1111 1786 1237 1845 mentes
1306 1758 1313 1772 ’

155 1885 367 1966 ranimosque
388 1884 592 1967 perturbaret
637 1885 688 1948 hic
710 1886 846 1967 primum
875 1890 962 1948 ortus
989 1889 1037 1949 est
1058 1904 1076 1948 a
1098 1883 1237 1951 tribunis

182 1992 332 2074 militum,
362 1990 527 2074 praefectis
557 1990 766 2075 reliquisque,
804 1991 859 2072 qui
891 2011 933 2055 ex
965 1990 1043 2054 urbe
1077 1992 1237 2057 amicitiae

182 2117 277 2162 causa
299 2097 463 2162 Gaesarem
487 2098 588 2161 secuti
610 2116 674 2160 non
696 2116 848 2181 magnum
875 2097 909 2159 in
931 2116 966 2160 re
987 2097 1117 2160 militari
1140 2116 1236 2161 usum

154 2203 350 2268 shabebant:
380 2222 515 2286 quorum
542 2203 624 2268 alius
650 2204 712 2266 alia
734 2223 830 2267 causa
852 2202 962 2286 inlata,
991 2223 1087 2285 quam
1109 2201 1169 2267 sibi
1194 2202 1237 2267 ad

181 2308 443 2392 proficiscendum
465 2309 673 2373 necessariam
695 2328 764 2373 esse
787 2308 919 2391 diceret,
942 2308 1079 2392 potebat,
1106 2312 1144 2371 ut
1165 2309 1236 2373 eius

182 2414 342 2478 voluntate
365 2414 526 2479 discedere
550 2415 670 2494 liceret,
695 2433 760 2477 non
782 2414 864 2476 nulli
887 2414 1007 2496 pudore
1030 2414 1171 2498 adducti,
1199 2419 1236 2479 ut

154 2520 303 2582 rtimoris
325 2520 537 2601 suspicionem
560 2521 707 2602 vitarent,
729 2518 943 2583 remanebant.
989 2521 1022 2582 hi
1045 2538 1149 2603 neque
1164 2520 1235 2583 vul·

182 2629 250 2686 tum
280 2623 398 2707 fingere
428 2643 533 2705 neque
570 2624 730 2689 interdum
765 2624 909 2687 lacrimas
940 2630 1047 2690 tenere
1076 2630 1233 2708 poterant:

182 2728 280 2793 abditi
306 2731 340 2792 in
366 2729 577 2794 tabernaculis
604 2734 657 2792 aut
684 2749 778 2794 suum
809 2730 909 2793 fatum
937 2731 1150 2812 querebantur
1180 2738 1235 2795 aut

181 2854 254 2899 cum
275 2834 485 2899 familiaribus
512 2838 578 2899 suis
604 2855 771 2900 commune
794 2837 971 2919 periculum
995 2837 1232 2901 miserabantur.

155 2941 288 3026 olvulgo
311 2943 385 3005 totis
405 2942 515 3006 castris
534 2947 720 3006 testamenta
735 2942 1004 3025 obsignabantur]
1049 2943 1163 3006 horum
1178 2962 1233 3006 vo-

182 3048 271 3113 cibus
290 3067 327 3113 ac
344 3049 455 3113 timore
472 3048 625 3131 paulatim
648 3049 742 3111 etiam
764 3048 801 3132 ii,
826 3049 882 3130 qui
895 3067 1046 3132 magnum
1068 3050 1102 3111 in
1122 3049 1233 3113 castris

182 3175 276 3220 usum
303 3154 461 3219 habebant
486 3153 604 3217 milites
636 3155 899 3234 centtuionesque
931 3155 1050 3236 quique
1078 3156 1234 3236 equitatui

156 3266 357 3345 epraeeraut,
384 3259 656 3345 perturbabantur.
702 3259 757 3342 qui
781 3278 814 3323 se
838 3279 879 3323 ex
901 3260 951 3323 his
978 3263 1083 3324 minus
1106 3261 1233 3325 timidos

182 3369 356 3431 existimari
379 3366 537 3447 volebant,
563 3385 627 3428 non
651 3383 685 3428 se
707 3364 829 3429 hostem
851 3366 965 3449 vereri,
994 3366 1048 3429 sed
1071 3368 1233 3449 angustias

181 3473 303 3536 itineris
318 3477 348 3536 et
362 3472 611 3556 magnitudinem
627 3470 790 3551 silvarum,
807 3490 887 3552 quae
902 3472 1132 3535 intercederent
1150 3472 1232 3534 inter

181 3579 266 3661 ipsos
293 3583 387 3660 atque
409 3579 617 3660 Ariovistum,
645 3581 701 3639 aut
726 3594 792 3639 rem
819 3576 1069 3656 frumentariam,
1097 3581 1131 3639 ut
1157 3575 1232 3639 satis

156 3684 345 3747 roommode
375 3684 554 3766 supportari
583 3686 700 3765 posset,
732 3683 843 3746 timere
865 3681 1020 3746 dicebant
1064 3699 1128 3743 non
1151 3680 1233 3743 nulli

184 3788 280 3851 etiam
312 3788 438 3853 Caesari
470 3787 669 3864 nuntiabant,
701 3805 775 3850 cum
807 3789 907 3850 castra
928 3786 1049 3850 moveri
1080 3804 1117 3849 ac
1142 3787 1233 3869 signa
