2738 4424
221 224 283 288 182
615 237 719 292 enm
737 236 878 291 GALLICI

220 399 313 481 duas,
336 418 414 483 quas
431 398 579 482 habebat,
600 398 783 481 adduceret,
806 398 999 479 alteramque
1023 413 1064 460 ex
1086 392 1213 458 duabus
1237 389 1281 454 ab

194 503 359 572 aLabieno
386 506 522 568 arcessit.
568 505 626 586 ita,
660 509 814 586 quantum
844 503 1051 568 hibernorum
1079 497 1281 584 oportunitas

221 610 360 694 bellique
391 611 470 674 ratio
498 610 688 695 postulabat,
719 615 869 694 perpetuo
893 627 951 674 suo
979 606 1085 671 labore
1113 604 1280 669 invicem

187 715 400 800 :legionibus
438 716 677 800 expeditionum
715 735 795 779 onus
832 714 1025 798 iniungebat
1081 710 1141 775 His
1175 708 1281 793 copiis

221 823 337 886 coactis
368 822 408 886 ad
436 823 622 886 Bellovacos
652 821 862 907 proficiscitur
892 820 1068 902 castrisque
1098 818 1133 881 in
1165 833 1280 880 eorum

220 927 338 992 finibus
364 929 474 1011 positis
501 929 645 1011 equitum
671 933 791 993 turmas
819 926 950 990 dimittit
976 925 1011 988 in
1035 942 1144 988 omnes
1170 925 1280 1006 partes

222 1033 263 1096 ad
290 1034 412 1116 aliquos
438 1012 655 1117 excipiendos,
687 1051 729 1097 ex
756 1032 873 1115 quibus
900 1031 1039 1095 hostium
1065 1028 1198 1094 consilia
1225 1046 1280 1092 co-

196 1143 395 1222 agnosceret
429 1141 551 1223 equites
571 1139 673 1204 officio
692 1139 794 1202 functi
808 1137 993 1202 renuntiant
1006 1155 1123 1221 paucos
1141 1134 1177 1199 in
1190 1133 1280 1198 aedi·

221 1243 304 1309 ficiis
327 1263 395 1309 esse
416 1245 565 1309 inventos
587 1250 681 1327 atque
701 1245 770 1329 hos,
793 1263 858 1308 non
880 1244 937 1327 qui
961 1261 1109 1328 agrorum
1129 1239 1281 1306 colendo-

221 1370 294 1414 rum
304 1370 400 1414 causa
408 1351 643 1433 remansissent,
655 1387 697 1397 —
711 1368 850 1434 namque
866 1369 934 1415 esse
950 1349 1090 1432 undique
1107 1347 1280 1430 diligenter

224 1456 446 1540 demigratum,
469 1492 512 1502 -
539 1456 597 1521 sed
619 1456 675 1540 qui
696 1456 881 1540 speculandi
903 1474 998 1520 causa
1021 1457 1125 1519 essent
1145 1452 1280 1517 remissi

196 1581 242 1631 aa
265 1559 383 1641 quibus
406 1581 479 1624 cum
502 1565 667 1643 quaereret
689 1560 815 1645 Caesar,
838 1581 901 1645 quo
921 1562 989 1625 loco
1008 1558 1177 1624 multitudo
1197 1562 1281 1623 esset

222 1665 463 1731 Bellovacorum
487 1666 611 1749 quodve
638 1672 720 1732 esset
741 1668 910 1731 consilium
933 1686 1056 1748 eorum,
1082 1663 1278 1729 inveniebat:

195 1771 408 1844 aBellovacos
423 1790 546 1856 omneS,
570 1773 625 1855 qui
643 1793 729 1836 arma
747 1773 828 1838 ferre
843 1777 984 1856 possent,
1006 1774 1041 1836 in
1055 1790 1157 1835 unum
1170 1769 1281 1833 locum

223 1878 422 1961 convenisse,
444 1879 587 1962 itemque
609 1878 796 1964 Ambianos,
819 1879 988 1960 Aulercos,
1011 1877 1148 1959 Caletos,
1170 1874 1281 1939 Velio-

223 2002 339 2068 casses,
361 1984 541 2065 Atrebates3
565 1985 672 2049 locum
694 1986 805 2049 castris
820 1984 983 2050 excelsum
1000 1984 1036 2046 in
1050 1983 1131 2045 silva
1145 1981 1280 2045 circum-

223 2090 296 2155 data
321 2091 437 2174 palude
465 2091 632 2174 delegisse,
664 2091 889 2174 impedimenta
916 2089 1024 2153 omnia
1050 2088 1085 2151 in
1112 2085 1280 2151 ulteriores

222 2196 317 2260 silvas
340 2197 517 2261 contulisse.
556 2197 734 2280 complures
758 2215 826 2261 esse
848 2196 1008 2280 principes
1030 2193 1107 2258 belli
1125 2196 1280 2275 auctores

222 2301 278 2366 sed
303 2303 538 2368 multitudinem
565 2303 702 2368 maxime
732 2302 846 2366 Correo
875 2301 1103 2384 obtemperare,
1135 2298 1222 2382 quod
1249 2298 1280 2363 ei

221 2427 345 2472 summo
377 2428 446 2474 esse
478 2409 551 2472 odio
583 2427 699 2472 nomen
731 2408 842 2492 populi
872 2406 1008 2471 Romani
1038 2405 1278 2471 intellexissent

195 2514 331 2596 spaucis
359 2519 430 2578 ante
457 2513 570 2579 diebus
602 2533 644 2579 ex
675 2514 725 2578 his
752 2514 862 2578 eastris
889 2513 1072 2578 Atrebatem
1100 2509 1280 2575 Commium

221 2617 403 2683 discessisse
437 2621 478 2683 ad
505 2621 627 2684 auxilia
655 2621 884 2684 Germanorum
913 2618 1108 2701 adducenda,
1140 2635 1278 2700 quorum

194 2727 254 2792 cet
281 2723 426 2787 vicinitas
448 2726 626 2809 propinqua
655 2731 686 2790 et
713 2725 884 2789 multitudo
914 2729 997 2789 esset
1021 2724 1155 2788 infinita.
1203 2741 1279 2787 con·

220 2828 359 2893 stituisse
386 2835 492 2894 antem
518 2830 702 2895 Bellovacos
733 2831 877 2895 omnium
902 2832 1084 2915 principum
1113 2847 1280 2925 consensu,

220 2953 346 3000 summa
375 2936 477 3019 plebis
509 2937 692 3020 cupiditate,
724 2937 766 3020 si,
798 2941 835 3000 ut
861 2936 1032 3019 diceretur,
1065 2934 1178 3000 Caesar
1206 2953 1280 2999 cum

220 3040 322 3105 tribus
348 3041 528 3126 legionibus
555 3043 689 3124 veniret,
717 3061 751 3107 se
775 3043 887 3108 offerre
914 3042 955 3107 ad
983 3042 1212 3124 dimicandum,
1237 3059 1280 3105 ne

220 3146 383 3212 miseriore
405 3167 442 3212 ac
466 3147 592 3213 duriore
614 3154 722 3232 postea
744 3149 931 3213 condicione
955 3169 1028 3212 cum
1051 3153 1115 3212 toto
1134 3145 1280 3211 exercitu

194 3244 391 3321 rldecertare
413 3259 613 3338 cogerentur3
645 3255 672 3319 si
695 3255 829 3320 maiores
852 3255 956 3339 copias
978 3254 1159 3337 adduceret,
1184 3252 1219 3316 in
1242 3270 1280 3316 eo

224 3379 280 3423 ooo
313 3379 512 3444 permanere,
550 3378 648 3444 quem
686 3359 891 3444 delegissent,
927 3360 1131 3445 pabulatione
1165 3363 1280 3442 autem,

222 3485 302 3549 quae
325 3471 452 3550 propter
474 3466 552 3530 anni
575 3472 698 3550 tempus
721 3486 795 3530 cum
813 3467 931 3550 exigua
953 3471 1021 3530 tum
1041 3465 1173 3529 disiecta
1189 3471 1281 3548 esset,

222 3576 254 3636 et
266 3572 509 3636 frumentatione
532 3578 562 3636 et
581 3574 705 3656 reliquo
722 3577 900 3637 commeatu
915 3590 956 3635 ex
972 3571 1098 3635 insidiis
1112 3569 1281 3654 prohibere

186 3676 389 3744 sRomanos.
428 3676 515 3754 Quae
534 3677 648 3744 Caesar
671 3678 942 3743 consentientibus
966 3677 1109 3762 pluribus
1132 3696 1206 3741 cum
1229 3695 1282 3740 co-

221 3789 349 3866 gnosset
370 3788 464 3867 atque
487 3803 537 3866 ea,
566 3803 646 3867 quae
666 3789 929 3868 proponerentur,
952 3784 1084 3848 consilia
1097 3783 1193 3867 plena
1206 3802 1283 3866 pru·

223 3888 347 3954 dentiae
378 3890 535 3973 longeque
568 3910 586 3954 a
616 3891 790 3954 temeritate
822 3889 1028 3956 barbarorum
1059 3895 1180 3956 remota
1214 3908 1283 3956 esse
