2738 4424
467 186 613 240 LIBERI.
633 187 707 240 ch.
726 186 847 240 40-43.
1142 176 1183 233 ‘25

218 347 350 434 cognito
374 348 518 413 Caesaris
541 348 679 412 adventu
700 348 880 411 Ariovistus
904 347 1024 431 legatos
1050 347 1091 412 ad
1112 365 1187 412 eum
1202 355 1240 410 42

128 455 239 520 mittit:
264 454 350 539 quod
372 460 465 519 antea
485 455 525 520 de
545 453 713 537 conloquio
728 454 928 537 postulasset,
950 453 983 517 id
999 474 1055 538 per
1068 472 1102 518 se
1117 453 1187 518 fieri

129 562 234 645 licere,
258 560 409 644 quoniam
430 561 560 645 propius
583 561 764 624 accessisset
786 579 884 642 seque
905 560 938 623 id
961 561 1029 625 sine
1046 560 1186 644 periculo

129 667 233 732 facere
255 685 347 751 posse
370 666 573 730 existimaret
618 685 683 729 non
705 665 827 749 respuit
841 665 1060 730 condicionem
1075 664 1215 734 Caesare

130 774 258 855 iamque
290 790 363 836 eum
395 770 435 836 ad
466 773 633 835 sanitatem
655 772 769 835 reverti
795 771 1017 856 arbitrabatur,
1048 791 1122 836 cum
1144 771 1187 855 id,

133 878 220 964 quod
234 882 326 943 antea
340 879 459 962 petenti
479 877 672 961 denegasset,
695 878 778 941 ultro
798 878 1006 962 polliceretur,
1028 897 1215 961 magnam-e

133 1002 197 1069 que
219 983 255 1048 in
278 1003 365 1068 spem
388 983 535 1048 veniebat
560 1001 617 1067 pro
645 984 711 1047 suis
739 985 833 1048 tantis
859 985 1032 1068 populique
1053 984 1189 1048 Romani

132 1092 169 1154 in
191 1109 265 1154 eum
287 1088 448 1153 beneficiis
476 1089 611 1172 cognitis
638 1090 704 1152 suis
730 1089 997 1172 postulatusne,
1023 1091 1071 1153 uti
1094 1091 1189 1174 perti-

133 1197 225 1261 nucia
248 1195 419 1259 desisteret
443 1193 511 1258 dies
533 1195 702 1276 conloquio
719 1195 821 1258 dictus
841 1201 889 1260 est
903 1215 945 1258 ex
967 1214 1004 1259 eo
1027 1196 1080 1260 die
1096 1196 1190 1279 quin-

134 1307 194 1367 tus.
239 1301 368 1366 interim
399 1319 491 1384 saepe
523 1320 596 1364 cum
627 1301 721 1384 legati
749 1300 830 1364 ultro
858 1302 1001 1384 citroque
1027 1302 1109 1365 inter
1135 1320 1217 1370 eost

134 1408 350 1490 mitterentur,
380 1407 562 1470 Ariovistus
588 1407 770 1490 postulavit,
801 1426 841 1470 ne
869 1427 964 1491 quem
991 1407 1128 1492 peditem
1149 1407 1190 1471 ad

135 1513 343 1596 conloquium
366 1512 480 1577 Caesar
502 1513 685 1576 adduceret:
715 1513 816 1577 vereri
842 1532 888 1597 se,
914 1533 956 1578 ne
978 1533 1035 1597 per
1057 1514 1190 1579 insidias

136 1619 176 1686 ab
199 1638 237 1685 eo
252 1619 547 1697 circumveniretur3
572 1624 704 1700 uterque
720 1638 793 1682 cum
808 1620 952 1702 equitatu
968 1621 1103 1684 veniret:
1128 1620 1191 1684 alia

135 1725 258 1790 ratione
272 1743 341 1789 sese
356 1743 418 1787 non
437 1743 505 1788 esse
516 1728 694 1788 venturum
729 1722 849 1808 Caesar,
866 1725 950 1807 quod
964 1745 1069 1809 neque
1084 1725 1218 1794 conlo-s

137 1832 249 1915 quium
267 1831 453 1914 interposita
472 1849 567 1894 causa
586 1829 655 1893 tolli
674 1830 801 1894 volebat
822 1849 928 1913 neque
947 1832 1081 1896 salutem
1100 1852 1192 1895 suam

138 1937 301 2003 Gallorum
324 1937 476 2018 equitatui
502 1936 697 1999 committere
724 1935 872 2020 audebat,
902 1937 1192 2004 commodissimum

138 2061 207 2108 esse
234 2043 343 2106 statuit
374 2041 521 2105 omnibus
544 2042 635 2122 equis
664 2041 761 2106 Gadis
789 2042 951 2124 equitibus
979 2042 1126 2107 detractis
1153 2062 1191 2108 eo

137 2149 328 2234 legionarios
353 2148 470 2212 milites
496 2147 631 2230 legionis
658 2146 700 2210 X.
733 2145 797 2232 [cui
825 2167 920 2229 quam
946 2149 1086 2212 maxime
1118 2168 1193 2213 con-

138 2253 285 2340 fidebat,]
321 2255 496 2338 imponere,
527 2256 564 2316 ut
599 2252 791 2337 praesidium
826 2273 921 2335 quam
959 2254 1193 2333 amicissimum,

139 2362 168 2426 si
191 2361 269 2443 quid
291 2378 370 2444 opus
392 2360 474 2423 iacto
498 2364 592 2442 esset,
616 2359 751 2422 haberet
798 2360 882 2443 quod
906 2379 980 2423 oum
1001 2358 1103 2443 lieret,
1125 2379 1221 2428 none

140 2465 308 2532 inridicule
340 2465 468 2547 qnidam
501 2483 542 2529 ex
573 2463 726 2528 militibus
758 2465 799 2529 X.
826 2466 959 2549 legionis
987 2467 1081 2531 dixit:
1113 2467 1193 2552 plus,

141 2592 237 2658 quam
266 2570 426 2656 pollicitus
462 2576 556 2653 esset,
594 2569 758 2635 Caesarem
793 2573 909 2635 facere:
950 2573 1126 2656 pollicitum
1160 2592 1195 2638 se

140 2681 177 2744 in
207 2677 344 2744 cohortis
370 2677 545 2761 praetoriae
572 2675 641 2740 loco
668 2676 710 2740 X.
742 2678 898 2761 legionem
929 2679 1123 2765 habiturum,
1155 2679 1196 2745 ad

143 2803 262 2866 equum
284 2782 465 2847 rescribere.

230 2888 383 2954 Planities
415 2895 480 2952 erat
509 2908 625 2972 magua
662 2895 694 2953 et
729 2890 764 2952 in
801 2909 838 2954 ea
876 2862 1026 2956 tumulus·
1054 2898 1197 2958 terrenus
1214 2908 1251 2964 43

144 2997 221 3062 satis
248 2994 385 3080 grandis.
434 2993 487 3059 hic
510 2995 599 3058 locus
624 3014 761 3076 aequum
787 2996 852 3059 fere
879 2998 1016 3080 spatium
1042 3018 1061 3062 a
1087 3000 1197 3062 castris

145 3100 299 3166 Ariovisti
322 3098 518 3164 1101111111
542 3101 655 3164 aberat.
702 3119 751 3184 eo,
774 3106 810 3166 ut
832 3107 898 3165 erat
913 3103 1043 3186 dictum,
1066 3104 1106 3167 ad
1124 3124 1198 3169 con-

145 3206 291 3291 loquium
326 3211 491 3270 venerunt
540 3205 697 3290 legionem
729 3205 855 3291 Caesar,
893 3228 987 3291 quam
1024 3211 1114 3291 equis
1146 3211 1227 3276 dea

147 3316 289 3394 vexerat,
323 3310 468 3396 passibus
504 3310 552 3375 (10
588 3312 627 3375 ab
665 3331 702 3377 eo
738 3314 859 3377 tumulo
896 3316 1066 3379 constituit
1123 3318 1199 3381 item

149 3418 271 3503 equites
292 3417 447 3481 Ariovisti
472 3418 541 3502 pari
563 3417 728 3482 intervallo
752 3421 967 3484 constiterunt.
1012 3422 1229 3506 Ariovistus,s

150 3543 193 3590 ex
214 3523 307 3606 equis
329 3528 365 3586 ut
387 3523 653 3606 conloquerentur
675 3530 706 3586 et
726 3532 851 3608 praeter
872 3527 1021 3590 sedenos
1040 3526 1201 3592 adcorrlo-

152 3630 264 3714 quium
286 3627 491 3712 adducerent,
513 3629 691 3712 postularit
728 3629 784 3693 ubi
801 3649 838 3696 eo
854 3637 984 3696 1111111111
1007 3637 1066 3717 est,
1090 3632 1230 3700 (laesura

152 3735 243 3800 initio
266 3735 415 3799 orationis
430 3753 488 3797 sua
502 3740 693 3819 senatusque
708 3736 741 3798 in
758 3755 831 3801 eum
849 3737 1002 3802 beneficia
1016 3759 1204 3804 commemo-

153 3841 244 3925 ravit,
260 3839 345 3923 quod
359 3858 417 3903 rex
432 3840 605 3924 appellatus
617 3848 700 3905 esset
714 3861 732 3904 a
747 3849 866 3927 senatu,
878 3844 963 3925 quod
978 3846 1108 3929 amicus,
1120 3847 1205 3928 quod
