2738 4424
472 230 578 284 LIBER
595 229 616 284 1.
641 228 716 284 cnP.
736 229 858 284 20-24.
1152 215 1193 278 13

137 414 176 458 us
195 412 277 475 equo
297 392 433 455 admisso
457 391 498 454 ad
521 410 595 455 cum
614 390 761 474 accurrit,
786 390 861 453 dicit
878 393 1032 474 montem,
1060 409 1154 474 quem
1176 410 1222 458 aa

138 499 275 563 Labieno
309 499 455 581 occupari
487 497 637 578 voluerit,
669 495 708 560 ab
736 495 880 560 hostibus
910 497 1024 560 teneri:
1056 495 1089 559 id
1116 515 1196 562 ses

140 606 268 668 Gallicis
296 607 390 667 armis
418 610 512 686 atque
538 601 719 686 insignibus
745 602 938 685 cognovisse.
984 599 1097 668 Caesar
1122 621 1222 668 suasa

139 713 245 793 copias
264 713 295 772 in
315 711 497 793 proximum
521 708 634 772 collem
656 706 818 789 subducit,
841 708 943 771 aciem
964 708 1100 771 instruit
1138 706 1196 772 La-

141 818 266 894 bienus,
300 825 333 878 ut
365 821 432 879 erat
463 815 492 877 ei
518 820 721 897 praeceptum
748 833 767 876 a
795 813 940 896 Caesare,
972 832 1012 878 ne
1038 813 1197 897 proelium

140 924 361 1001 committeret,
384 921 445 982 nisi
459 920 560 1003 ipsius
584 920 692 1002 copiae
707 937 804 1002 prope
826 918 967 983 hostium
989 924 1089 984 castra
1109 920 1197 984 visae

141 1035 258 1106 essent,
283 1036 316 1090 ut
339 1026 484 1108 undique
506 1044 571 1089 uno
595 1029 735 1109 tempore
756 1025 790 1087 in
813 1024 917 1089 hostes
940 1025 1077 1109 impetus
1099 1024 1197 1110 fieret,

142 1140 246 1196 monte
274 1139 425 1215 occupato
454 1136 577 1194 nostros
600 1128 786 1213 expectabat
807 1130 990 1214 proelioque
1012 1130 1197 1196 abstinebat

141 1242 240 1303 multo
273 1241 412 1321 deniqne
444 1237 496 1302 die
527 1255 583 1320 per
612 1237 824 1321 exploratores
851 1236 966 1301 Caesar
992 1237 1141 1322 cognovit
1167 1241 1224 1304 eta

141 1355 278 1409 montem
304 1366 323 1408 a
345 1345 411 1408 suis
434 1343 536 1407 teneri
559 1348 590 1406 et
604 1342 768 1409 Helvetios
790 1346 892 1407 castra
909 1343 1048 1407 movisse
1070 1348 1102 1407 et
1118 1341 1198 1408 Gon·

142 1454 257 1514 sidinm
276 1453 388 1514 timore
403 1451 616 1533 perterritum,
640 1448 725 1531 quod
741 1467 806 1531 non
823 1448 968 1533 vidisset,
989 1468 1047 1533 pro
1066 1451 1134 1514 viso
1157 1449 1198 1514 si·

143 1559 173 1620 bi
192 1558 429 1622 renuntiavisse.
454 1573 491 1618 eo
507 1555 566 1638 die,
583 1574 646 1637 quo
662 1560 828 1619 consuerat
842 1555 1016 1640 intervallo,
1031 1556 1136 1620 hostes
1151 1574 1225 1623 ses

143 1666 253 1746 quitur
268 1672 300 1726 et
314 1663 402 1724 milia
424 1680 574 1744 passuum
594 1661 655 1724 tria
670 1659 709 1724 ab
726 1679 835 1724 eorum
857 1662 965 1725 castris
981 1666 1081 1725 castra
1102 1661 1198 1745 ponit

232 1768 388 1832 Postridie
411 1768 480 1830 eius
504 1767 581 1847 diei,
610 1766 695 1849 quod
719 1768 849 1830 omnino
872 1766 1007 1831 biduum
1028 1772 1198 1851 supererat,
1217 1784 1253 1841 aa

143 1896 214 1938 oum
248 1874 402 1938 exercitui
432 1873 627 1937 frumentum
657 1873 764 1938 metiri
796 1877 964 1956 oporteret,
1001 1878 1033 1937 et
1064 1873 1150 1955 qued
1181 1893 1199 1936 a

145 1981 304 2062 Bibracte,
332 1979 446 2062 oppido
474 1977 681 2041 Haeduorum
702 1977 797 2063 longe
823 1980 963 2042 maximo
992 1982 1024 2042 et
1052 1980 1200 2062 copiosis·

144 2089 236 2166 simo,
259 2105 324 2149 ncn
340 2085 475 2168 amplius
490 2084 619 2147 milibus
633 2103 785 2166 passuum
799 2083 914 2148 XVIII
932 2084 1050 2168 aberat,
1073 2085 1121 2148 rei
1135 2084 1200 2148 fru-

144 2193 315 2256 mentariae
337 2191 595 2274 prospiciendum
618 2191 824 2270 existimarit3
848 2191 955 2273 itaque
978 2190 1040 2255 iter
1062 2190 1100 2254 ab
1124 2189 1201 2255 Hel·

144 2302 234 2362 vetiis
262 2298 376 2361 avertit
398 2315 434 2360 ac
457 2296 603 2360 Bibracte
626 2297 672 2360 ire
695 2295 863 2359 contendit.
910 2315 947 2360 ea
968 2315 1019 2362 res
1041 2315 1099 2380 per
1120 2296 1228 2380 fugi-2

144 2409 225 2469 tivos
252 2402 285 2466 L.
306 2403 450 2484 Aemilii,
479 2402 658 2471 decurionis
686 2402 829 2483 equitum
856 2400 1031 2487 Gallorum,
1058 2402 1201 2467 hostibus

144 2512 316 2574 nuntiatur.
362 2508 517 2590 Helvetii,
547 2527 604 2572 seu
631 2509 716 2590 quod
744 2509 856 2572 timore
882 2510 1066 2592 perterritos
1087 2508 1229 2576 Romae

146 2638 203 2681 nos
231 2616 392 2680 discedere
420 2634 439 2678 a
466 2634 500 2679 se
529 2615 759 2697 existimarent,
788 2633 824 2678 eo
851 2615 966 2699 magis,
994 2616 1079 2698 quod
1099 2615 1203 2699 pridie

146 2722 364 2806 superioribus
395 2720 473 2785 locis
506 2721 664 2804 occupatis
692 2720 847 2802 proelium
873 2739 940 2785 non
966 2723 1204 2803 commisissent,

147 2831 214 2894 sive
247 2846 299 2909 eo,
332 2826 419 2909 quod
449 2844 484 2890 re
516 2825 722 2889 frumentaria
753 2826 922 2891 intercludi
947 2846 1040 2910 posse
1067 2826 1204 2892 confide-

147 2939 231 3017 rent,
274 2936 463 2997 commutato
506 2931 637 2995 consilio
676 2935 770 3013 atque
807 2933 922 2997 itinere
959 2952 1111 2998 converso
1149 2952 1205 2997 no-

117 3056 120 3062 ·
148 3048 230 3105 stros
256 3060 274 3102 a
296 3040 468 3102 novissimo
492 3038 618 3121 agmine
640 3038 769 3120 insequi
791 3058 828 3102 ac
850 3039 1004 3104 lacessere
1027 3043 1205 3123 coeperrmt.
1240 3058 1261 3074 ·

150 3147 322 3229 Postquam
358 3145 391 3208 id
424 3144 566 3207 animum
601 3144 749 3227 advertit,
787 3146 891 3228 copias
922 3164 995 3209 suas
1028 3145 1142 3210 Caesar
1172 3146 1206 3208 in
1224 3152 1255 3207 24

150 3253 332 3336 proximum
358 3249 471 3313 collem
498 3249 653 3312 subduxit
680 3251 931 3333 equitatumque,
959 3252 1015 3334 qui
1039 3252 1208 3316 sustineret

151 3359 289 3422 hostium
303 3355 469 3438 impetum,
484 3354 580 3418 misit
618 3355 685 3438 ipse
700 3355 827 3420 interim
841 3355 877 3419 in
893 3355 972 3422 colle
987 3356 1092 3421 medio
1108 3356 1208 3441 tripli·
1222 3382 1235 3425 2

151 3483 222 3528 cem
243 3461 344 3524 aciem
366 3460 518 3523 instruxit
539 3458 702 3541 legionum
725 3464 874 3543 quattuor
896 3466 1130 3545 veteranarum,
1155 3461 1210 3548 [ita

153 3570 201 3634 uti
217 3587 324 3650 supra,
348 3564 416 3649 sed]
431 3567 466 3628 in
481 3584 604 3629 summo
619 3565 695 3648 iugo
712 3566 791 3631 duas
809 3566 962 3651 legiones,
983 3586 1064 3653 qum
1084 3569 1122 3635 in
1137 3568 1210 3634 Gal·
1231 3633 1234 3638 ,

154 3676 198 3739 lia
218 3673 364 3738 citeriore
386 3671 531 3756 proxime
554 3672 794 3757 conscripserat,
988 3709 989 3712 κ
1072 3680 1076 3706 ³
1143 3711 1158 3754 q

155 3782 265 3864 locari,
289 3778 337 3864 [ac
359 3781 463 3842 totum
483 3782 624 3842 monum
644 3777 799 3843 lroor'r¹
820 3852 826 3862 ,Ἰ
843 3762 873 3788 ⁹

157 3887 298 3952 sarcinas
324 3885 360 3949 in
385 3903 488 3949 unum
513 3883 620 3949 locum
646 3868 825 3985 eumad-²·
