2738 4424
164 233 226 299 112
559 249 664 305 BELLI
682 250 823 307 GALHOI

140 400 147 444 ἶ
162 408 216 473 dut
236 409 364 475 veniam
387 411 688 495 excusationemque
710 413 836 496 accipit,
860 411 946 495 quod
969 410 1126 475 aestivum
1140 412 1219 473 tem·

134 533 221 601 rpus
242 516 391 580 instantis
413 515 502 600 belli,
524 535 590 581 non
606 516 801 598 quaestionis
824 536 893 583 esse
908 514 1126 580 arbitrabatur.
1165 513 1220 578 ob-

135 620 282 688 esidibus
304 621 465 706 imperatis
488 620 512 686 O
533 622 592 687 hos
613 621 755 687 Haeduis
778 621 1000 687 custodiendos
1023 621 1125 686 tradit
1167 638 1219 684 eo·

162 727 236 792 dem
259 725 411 792 Carnutes
437 727 556 813 legatos
584 727 773 812 obsidesque
800 729 931 793 mittunt
958 728 1010 792 usi
1038 727 1219 811 deprecato·

161 831 251 897 ribus
281 832 402 917 Remis,
437 853 573 917 quorum
604 838 695 898 erant
720 834 756 899 in
783 834 941 915 clientela;
974 833 1083 899 eadem
1112 833 1220 897 ferunt

135 956 320 1022 oresponsa
368 940 490 1023 peragit
520 939 692 1005 concilium
723 938 838 1004 Caesar
866 940 1054 1024 equitesque
1085 938 1219 1022 imperat

162 1044 351 1109 civitatibus.
627 1030 629 1033 ’

126 1165 145 1221 5
249 1150 320 1215 Hac
345 1155 432 1235 parte
460 1151 580 1217 Galliae
605 1155 716 1235 pacata
742 1155 826 1216 totus
858 1153 890 1216 et
915 1154 1021 1215 mente
1053 1153 1085 1215 et
1111 1149 1217 1214 animo

135 1255 196 1325 ain
218 1255 338 1321 bellum
359 1257 567 1322 Treverorum
590 1261 622 1322 et
643 1255 838 1341 Ambiorigis
860 1255 987 1320 insistit
1025 1254 1217 1320 Cavarinum

162 1380 235 1425 cum
255 1363 398 1444 equitatu
425 1360 586 1427 Senonum
617 1381 726 1428 secum
751 1360 909 1447 proficisci
940 1361 1041 1443 iubet,
1071 1378 1112 1424 ne
1144 1361 1216 1444 quis

162 1470 218 1530 aut
239 1484 281 1530 ex
302 1467 398 1530 huius
424 1467 588 1531 iracundia
610 1472 664 1531 aut
691 1485 732 1532 ex
755 1487 805 1553 eo,
834 1467 920 1550 quod
946 1470 1116 1550 meruerat,
1143 1465 1215 1529 odio

134 1571 298 1641 acivitatis
324 1577 430 1636 motus
457 1572 580 1637 existat
630 1573 679 1637 his
706 1572 802 1638 rebus
828 1574 1020 1654 constitutis,
1048 1571 1133 1656 quod
1158 1591 1215 1656 pro

162 1677 323 1761 explorato
346 1677 482 1743 habebat
503 1678 723 1763 Ambiorigem
750 1678 871 1762 proelio
898 1697 964 1744 non
992 1696 1061 1743 esse
1088 1681 1216 1743 conten·

134 1786 281 1868 iturum,
303 1783 427 1867 reliqua
448 1784 517 1849 eius
540 1785 673 1849 consilia
688 1785 792 1848 animo
809 1783 1089 1868 circumspiciebat
1128 1787 1218 1848 erant

160 1887 300 1976 Menapii
321 1891 493 1974 propinqui
513 1889 704 1955 Eburonum
717 1889 850 1974 finibus,
872 1890 1033 1975 perpetuis
1047 1888 1217 1976 paludibus

160 1995 312 2079 silvisque
333 1997 458 2078 muniti,
482 1996 538 2079 qui
559 1996 616 2060 uni
640 2015 682 2062 ex
705 1996 807 2061 Gallia
830 1997 868 2062 de
890 2015 967 2080 pace
990 1995 1030 2060 ad
1051 1994 1216 2061 Caesarem

159 2101 279 2186 legatos
301 2121 478 2184 numquam
500 2102 658 2167 miserant
697 2121 772 2167 cum
793 2102 842 2166 his
866 2120 934 2166 esse
952 2102 1124 2185 hospitium
1138 2101 1217 2165 Am·

160 2208 275 2293 biorigi
306 2207 439 2287 sciebat3
471 2209 549 2274 item
575 2228 632 2293 per
657 2209 808 2274 Treveros
836 2209 961 2273 venisse
988 2207 1154 2272 Germanis
1180 2207 1215 2270 in

133 2314 331 2384 oamicitiam
353 2318 552 2399 cognoverat
598 2316 674 2379 haec
695 2315 785 2398 prius
806 2314 855 2377 illi
877 2312 1069 2378 detrahenda
1094 2312 1216 2376 auxilia

160 2419 373 2503 existimabat,
405 2440 501 2504 quam
532 2422 636 2505 ipsum
665 2418 748 2485 bello
775 2419 955 2502 lacesseret,
986 2437 1026 2484 ne
1054 2417 1216 2502 desperata

160 2525 260 2590 salute
283 2529 338 2589 aut
360 2545 394 2591 se
416 2527 450 2588 in
472 2525 637 2610 Menapios
660 2524 788 2589 abderet
811 2528 866 2588 aut
880 2544 954 2589 cum
967 2524 1216 2589 Transrhenanis

133 2630 310 2713 scongredi
341 2636 513 2715 cogeretur.
563 2632 623 2696 hoc
656 2631 734 2695 inito
767 2630 899 2695 consilio
931 2630 1029 2694 totius
1057 2630 1215 2695 exercitus

160 2734 385 2817 impedimenta
408 2736 448 2799 ad
469 2735 646 2802 Labienum
669 2737 703 2800 in
717 2737 868 2801 Treveros
891 2736 988 2799 mittit
1011 2735 1153 2818 duasque
1175 2736 1215 2799 ad

162 2858 236 2904 eum
258 2840 398 2924 legiones
420 2840 578 2924 proficisci
600 2842 702 2924 iubet,
730 2844 798 2926 ipse
821 2861 895 2905 oum
918 2841 1097 2925 legionibus
1119 2860 1216 2925 expe·

135 2945 236 3018 aditis
259 2945 290 3008 V
312 2946 347 3008 in
368 2945 531 3030 Menapios
553 2947 771 3031 proficiscitur.
808 2948 856 3011 illi
878 2947 968 3011 nulla
990 2951 1098 3011 coacta
1118 2966 1217 3011 manu

161 3051 224 3116 loci
245 3052 401 3136 praesidio
424 3052 496 3117 fieti
518 3054 552 3116 in
567 3054 662 3118 suras
677 3053 872 3138 paludesque
887 3053 1074 3136 confugiunt
1096 3071 1216 3136 suaque

125 3158 274 3232 aeodem
301 3159 474 3224 conferunt
525 3158 639 3224 caesar
670 3161 791 3243 partitis
822 3159 921 3243 copiis
953 3177 1027 3222 cum
1059 3156 1091 3222 O.
1117 3157 1215 3223 Fabio

161 3263 264 3349 legato
288 3268 319 3329 et
340 3263 381 3327 Μ.
406 3263 516 3329 Crasso
545 3270 710 3347 quaestore
729 3265 942 3347 celeriterque
967 3263 1087 3329 effectis
1112 3265 1217 3348 ponti·

161 3367 223 3434 bus
255 3369 321 3433 adit
352 3371 520 3454 tripertito,
554 3369 698 3435 aedificia
728 3370 880 3452 vicosque
910 3370 1065 3454 incendit,
1101 3389 1216 3454 magno

136 3477 284 3559 apecoris
316 3479 410 3559 atque
441 3475 606 3540 hominurn
638 3495 771 3541 numero
803 3477 928 3560 potitur.
979 3475 1096 3559 quibus
1122 3474 1217 3540 rebus

164 3582 264 3646 coacti
285 3580 425 3665 Menapii
446 3581 565 3666 legatos
588 3581 628 3644 ad
651 3600 724 3646 eum
746 3582 832 3666 pacis
854 3582 1007 3665 petendae
1030 3600 1125 3646 causa
1145 3581 1217 3645 mit·

137 3689 245 3754 stunt
289 3687 343 3752 ille
371 3686 535 3752 obsidibus
562 3687 696 3771 acceptis
723 3688 861 3751 hostium
888 3706 921 3751 se
948 3687 1130 3750 habiturum
1157 3704 1216 3747 nu·

164 3809 252 3856 mero
268 3791 444 3876 confirmat,
467 3794 494 3857 si
513 3797 569 3856 aut
583 3793 800 3878 Ambiorigem
815 3797 870 3856 aut
885 3793 954 3857 eius
968 3793 1085 3877 legatos
1099 3789 1217 3856 finibus

132 3921 153 3966 ,4
165 3898 231 3963 suis
258 3900 456 3983 recepissent
507 3899 556 3962 his
583 3897 775 3963 confirmatis
801 3899 895 3963 robus
923 3896 1098 3962 Commium
1124 3900 1217 3963 Atre-
