2738 4424
433 297 541 353 LIBER
561 297 637 354 VHL
656 297 731 354 CAP.
751 297 872 354 31-36.
1118 279 1180 343 195

129 459 274 525 fortunae
295 460 382 524 illius
403 459 580 544 periculum
601 459 730 543 fecerat,
752 461 895 523 moneret
915 456 1065 521 frumenti
1086 457 1182 520 ratio·

129 585 203 632 nem
226 585 294 631 esse
316 565 505 650 habendam,
532 566 728 629 constituunt
750 564 893 629 omnium
915 582 1073 628 consensu
1094 566 1182 646 parta

130 673 176 736 ibi
196 672 308 737 relicta
329 672 491 755 copiarum
518 671 581 755 ipsi
607 690 681 734 cum
703 670 859 755 expeditis
886 668 927 732 ad
949 669 1182 753 importandum

129 780 323 843 frumentum
345 776 511 861 proficisci.
553 796 590 842 eo
614 777 746 841 consilio
768 775 899 860 probato
922 776 1069 860 proxima
1089 779 1209 842 noctes

130 884 254 949 duobus
284 883 416 947 milibus
447 887 639 948 armatorum
670 883 789 948 relictis
821 881 962 964 reliquos
995 899 1037 945 ex
1068 879 1181 965 oppido

130 989 270 1074 Drappes
293 994 325 1054 et
345 988 511 1053 Lucterius
534 988 683 1053 educunt
720 989 754 1052 hi
776 1007 893 1072 paucos
916 987 983 1051 dias
1004 987 1119 1052 morati
1141 1007 1209 1053 exa

129 1095 247 1161 finibus
267 1094 496 1176 Cadurcorum,
520 1096 575 1177 qui
597 1095 712 1178 partim
733 1114 768 1160 re
790 1093 995 1158 frumentaria
1017 1093 1183 1158 sublevare

37 1230 39 1234 ³
130 1221 184 1267 eos
200 1200 383 1286 cupiebant,
404 1201 520 1284 partim
534 1200 713 1285 prohibere,
737 1201 908 1284 quominus
923 1203 1096 1284 sumerent,
1118 1218 1184 1263 non

130 1312 287 1392 poterant,
319 1325 471 1390 magnum
501 1326 671 1371 numerum
706 1306 857 1371 frumenti
893 1310 1087 1390 comparant,
1118 1324 1184 1369 non

129 1433 306 1497 numquam
329 1417 434 1478 autem
457 1412 712 1496 expeditionibus
728 1413 893 1477 nocturnis
916 1412 1044 1477 castella
1061 1417 1184 1476 nostro-

129 1540 202 1584 rum
217 1519 410 1583 adoriuntur.
449 1537 546 1600 quam
565 1519 605 1582 ob
621 1537 750 1582 causam
769 1517 801 1582 C.
814 1518 968 1584 Caninius
987 1521 1053 1583 toto
1069 1518 1212 1603 oppidoo

130 1624 323 1688 munitiones
342 1624 538 1689 circumdare
553 1628 701 1706 moratur,
720 1643 761 1688 ne
776 1628 832 1688 aut
846 1643 926 1709 opus
941 1624 1086 1690 effectam
1100 1624 1185 1689 tueri

130 1749 196 1795 non
216 1730 316 1814 possit
338 1734 394 1794 aut
412 1730 557 1814 plurimis
579 1731 614 1793 in
627 1729 706 1794 locis
720 1729 847 1794 infirma
861 1730 1007 1814 disponat
1021 1730 1184 1814 praesidia

218 1835 335 1920 Magna
357 1838 448 1920 copia
468 1835 621 1901 frumenti
647 1841 826 1920 comparata
852 1836 1023 1901 considunt
1045 1834 1185 1920 Drappes
1202 1849 1238 1907 ss

129 1947 161 2007 ot
174 1942 342 2006 Lucterius
364 1962 430 2006 non
445 1942 573 2028 longius
595 1941 634 2005 ab
651 1942 766 2026 oppido
788 1941 823 2006 X
837 1942 980 2025 milibus,
1003 1942 1088 2006 unde
1108 1962 1185 2025 pau-

129 2048 220 2113 latim
241 2049 436 2112 frumentum
457 2049 492 2111 in
515 2048 668 2132 oppidum
690 2052 917 2133 supportarent
960 2048 1024 2131 ipsi
1044 2048 1129 2112 inter
1150 2064 1212 2114 sea

129 2155 308 2238 provincias
326 2155 518 2239 partiuntur:
543 2152 684 2238 Drappes
703 2155 814 2219 castris
833 2155 990 2238 praesidio
1010 2173 1084 2217 cum
1097 2157 1185 2238 parte

130 2261 292 2345 copiarum
319 2260 449 2343 resistit,
476 2257 641 2324 Lucterius
669 2279 783 2344 agmen
805 2261 1020 2324 iumentorum
1039 2259 1080 2322 ad
1098 2259 1185 2343 oppi-

131 2366 209 2430 dum
236 2366 331 2430 ducit
376 2366 536 2449 dispositis
561 2364 610 2429 ibi
636 2366 803 2450 praesidiis
830 2366 907 2429 hora
933 2366 1034 2430 noctis
1062 2366 1211 2430 circitero

129 2472 174 2537 X.
188 2471 387 2537 silvestribus
406 2472 612 2556 angristisque
626 2472 793 2538 itineribus
806 2471 1001 2537 frumentum
1016 2472 1186 2555 importare

130 2581 165 2643 in
187 2578 338 2663 oppidum
360 2578 506 2643 instituit
546 2597 681 2660 quorum
703 2578 868 2662 strepitum
883 2578 994 2662 vigiles
1010 2582 1213 2643 castrorumr

132 2704 205 2748 cum
220 2685 393 2750 sensissent
408 2684 685 2768 exploratoresque
699 2684 802 2767 missi,
823 2703 904 2766 quae
918 2687 1117 2769 gererentur,
1137 2704 1186 2750 re·

131 2791 344 2874 nuntiassent,
381 2788 534 2854 Caninius
565 2789 710 2854 celeriter
740 2809 815 2854 cum
846 2790 1027 2854 cohortibus
1058 2791 1186 2854 armatis

133 2914 174 2959 ex
199 2896 353 2979 proximis
380 2895 516 2960 castellis
546 2896 581 2958 in
611 2895 833 2961 frumentarios
864 2897 923 2961 sub
955 2897 1057 2980 ipsam
1081 2896 1187 2960 lucem

132 3002 287 3084 impetum
317 3000 400 3064 facit.
449 3000 483 3064 hi
514 3003 678 3084 repentino
712 3003 795 3065 malo
829 3003 986 3086 perterriti
1017 3001 1213 3085 diffugiunto

132 3108 173 3171 ad
200 3124 259 3171 sua
284 3105 454 3189 praesidia3
489 3125 570 3188 quae
602 3107 704 3171 nostri
729 3111 766 3171 ut
792 3107 951 3192 viderunt,
983 3107 1086 3170 acrius
1113 3126 1187 3171 con·

132 3216 182 3277 tra
204 3215 340 3276 armatos
365 3210 488 3274 incitati
515 3213 676 3276 neminem
703 3232 745 3276 ex
770 3231 806 3277 eo
829 3232 962 3276 numero
985 3213 1095 3277 vivum
1118 3214 1188 3298 capi

133 3319 304 3403 patiuntur.
349 3315 490 3401 profugit
519 3317 594 3380 inde
625 3337 699 3381 eum
730 3319 839 3402 paucis
866 3318 1032 3384 Lucterius
1062 3337 1121 3383 neo
1152 3339 1187 3385 se

132 3425 244 3508 recipit
275 3424 309 3487 in
340 3429 449 3487 castra.
493 3421 540 3486 Re
571 3421 654 3488 bene
685 3428 773 3507 gesta
799 3422 950 3489 Caninius
982 3444 1024 3489 ex
1055 3426 1187 3508 captivis
1204 3435 1240 3492 tt

134 3530 286 3615 comperit
311 3533 433 3613 partem
456 3528 619 3611 copiarum
646 3547 720 3592 cum
741 3528 899 3614 Drappete
926 3549 994 3595 esse
1020 3531 1188 3596 incastris

133 3655 153 3700 a
183 3636 312 3700 milibus
345 3653 412 3699 non
443 3635 579 3717 amplius
609 3633 685 3698 XII.
736 3655 799 3718 qua
829 3654 865 3700 re
898 3655 940 3700 ex
972 3636 1188 3720 compluribus

133 3743 272 3828 cognita,
305 3761 379 3805 eum
411 3741 608 3824 intellegeret
637 3741 743 3825 fugato
777 3742 857 3807 duce
890 3741 988 3808 altero
1022 3744 1189 3826 perterreri

132 3850 274 3933 reliquos
299 3847 391 3912 facile
423 3850 454 3910 et
480 3847 616 3931 opprimi
641 3866 746 3931 posse,
776 3866 910 3932 magnae
935 3848 1093 3913 felicitatis
1120 3868 1189 3914 asse

17 4016 19 4020 ,
133 3954 345 4020 arbitrabatur
370 3953 532 4017 neminem
558 3970 600 4017 ex
627 3953 723 4018 caede
750 3953 903 4038 refugisse
929 3955 965 4018 in
992 3958 1105 4042 castra,
1134 3957 1187 4038 qui

979 4075 1032 4130 13·
