2738 4424
459 291 565 347 mnus
582 292 616 346 V.
636 291 712 348 CAP.
732 291 852 348 22-26.
1142 273 1184 339 93

128 452 233 529 iussit,
260 456 323 516 tres
349 453 383 516 in
411 452 587 518 Bellovacis
615 453 805 518 conlocavit:
834 453 883 517 bis
911 446 952 516 M.
981 451 1128 516 Crassum
1155 456 1214 520 ets

130 557 163 622 L
190 558 366 622 Munatium
389 558 545 624 Plancum
567 565 600 623 et
622 558 654 623 C.
672 559 864 623 Trebonium
885 558 1006 643 legatos
1028 558 1185 643 praefecit

129 683 225 726 unam
240 665 420 748 legionem,
447 686 543 749 quam
565 666 710 749 proxime
737 669 824 729 trans
846 664 970 729 Padum
992 663 1217 747 conscripse-o

129 780 190 846 rat,
222 778 255 834 et
281 771 426 835 cobortes
452 771 483 835 V
509 772 545 835 in
571 770 751 853 Eburones,
784 789 921 852 quorum
946 789 1019 855 pars
1046 769 1186 833 maxima

130 883 178 940 est
201 876 283 940 inter
305 875 427 940 Mosam
449 895 486 941 ao
507 876 668 958 Rhenum,
692 877 749 959 qui
766 876 825 941 sub
841 876 973 959 imperio
990 874 1186 959 Ambiorigis

130 989 163 1045 61
185 979 347 1045 Catuvolci
370 989 472 1065 erant,
495 983 590 1046 misit
634 983 684 1051 bis
710 981 865 1046 militibus
893 979 1107 1057 1116111111
1130 978 1212 1048 Sao

130 1087 242 1150 binum
264 1092 296 1151 et
316 1087 350 1152 L
373 1087 630 1152 Aurunculeium
648 1087 773 1152 Cottam
786 1088 906 1172 legatos
921 1105 1065 1170 praeesse
1083 1086 1185 1151 iussit

130 1193 171 1258 ad
203 1194 290 1257 bunc
320 1194 451 1258 modum
478 1193 653 1258 distributis
680 1193 860 1277 legionibus
885 1193 1033 1258 facillime
1060 1192 1212 1276 inopiaee

129 1301 177 1364 rei
208 1299 431 1364 frumentariae
462 1317 531 1364 sese
563 1299 684 1363 mederi
715 1317 806 1384 posse
837 1299 1040 1365 existimavit
1089 1301 1211 1380 atquer

129 1405 242 1469 harum
256 1411 362 1470 tamen
375 1406 518 1469 omnium
531 1405 693 1489 legionum
706 1404 839 1470 hiberna
851 1411 975 1490 praeter
992 1423 1071 1487 eam,
1089 1423 1185 1488 quam

130 1510 163 1575 L
187 1511 301 1575 Roscio
325 1511 358 1574 in
380 1512 613 1594 pacatissimam
635 1515 667 1575 et
685 1511 912 1594 quietissimam
929 1514 1049 1595 partem
1068 1509 1185 1574 ducen-

130 1617 203 1681 dam
226 1616 366 1698 dederat,
388 1616 516 1681 milibus
539 1636 692 1700 passuum
714 1616 738 1681 C
761 1616 1012 1681 continebantur.
1051 1617 1119 1700 ipse
1137 1618 1212 1686 in·o

130 1731 226 1805 terea,
245 1722 348 1806 quoad
367 1723 508 1806 legiones
521 1723 699 1788 conlocatas
716 1724 903 1806 munitaque
920 1723 1053 1788 hiberna
1070 1741 1185 1807 cogno-

129 1829 238 1910 visset,
261 1828 296 1891 in
319 1827 421 1893 Gallia
442 1829 560 1892 morari
582 1829 752 1892 constituit

217 1933 296 1998 Erat
325 1934 360 1998 in
392 1931 583 1998 Carnutibus
616 1953 739 1998 summo
779 1934 849 1998 loco
885 1936 980 1998 natus
1013 1933 1184 2017 Tasgetius,
1202 1947 1239 2005 as

129 2040 221 2103 ouius
243 2040 379 2104 maiores
405 2040 439 2103 in
462 2059 521 2104 sua
543 2040 669 2104 civitate
696 2059 831 2124 regnum
856 2039 1066 2103 obtinuerant
1110 2038 1212 2106 buioa

130 2143 244 2210 Caesar
271 2164 327 2229 pro
355 2146 424 2211 61116
451 2147 567 2210 virtute
595 2150 690 2228 atque
717 2146 811 2210 inse
838 2144 1071 2226 benevolentia,
1100 2144 1185 2227 qnod

128 2252 164 2316 in
189 2251 336 2316 omnibus
358 2251 450 2315 bellis
472 2251 626 2335 singulari
648 2252 717 2316 eius
740 2270 836 2335 opera
856 2252 959 2315 iuerat
973 2264 1063 2334 usus,
1086 2251 1184 2315 maio·

128 2377 200 2421 rum
222 2358 328 2421 locum
350 2358 537 2422 restituerat
583 2358 712 2422 tertium
734 2357 798 2420 iam
813 2357 898 2421 hunc
914 2375 1035 2420 annum
1049 2375 1211 2440 regnan-a

128 2469 193 2528 tem
214 2463 337 2527 inimici
359 2462 463 2547 palam
485 2462 594 2527 multis
617 2481 658 2527 ex
674 2463 799 2526 civitate
815 2461 996 2526 auctoribus
1019 2462 1185 2527 interfece-

128 2574 212 2633 runt
257 2569 396 2634 defertur
421 2587 460 2634 ea
484 2587 536 2633 res
563 2568 603 2632 ad
631 2566 804 2634 Caesarem.
853 2568 907 2633 ille
939 2567 1072 2652 veritus,
1100 2569 1212 2650 quodi

128 2675 169 2739 od
190 2676 297 2759 plures
319 2674 510 2759 pertinebat,
532 2692 574 2739 ne
597 2674 708 2739 civitas
731 2694 843 2739 eorum
866 2673 1006 2758 impulsu
1029 2673 1185 2758 deficeret,

128 2781 161 2846 L
185 2781 340 2845 Plancum
362 2800 436 2845 cum
457 2779 583 2864 legione
606 2800 648 2845 ex
670 2779 780 2864 Belgio
803 2780 949 2846 celeriter
974 2781 1008 2844 in
1031 2778 1185 2845 Camntes

128 2886 284 2970 proficisci
306 2886 395 2951 iubet
416 2885 525 2969 ibique
548 2887 699 2970 hiemare,
724 2906 923 2970 quorumque
951 2905 1046 2970 opera
1067 2905 1186 2970 cogno·

129 2993 212 3056 verit
232 2991 411 3074 Tasgetium
434 2992 647 3075 111161166111111,
670 2993 727 3056 hos
743 2993 985 3077 comprehensos
1000 2992 1040 3055 ad
1063 3011 1097 3056 66
1112 2992 1185 3055 mit-

130 3101 204 3161 tere.
243 3097 369 3160 interim
384 3097 423 3162 ab
440 3098 588 3162 omnibus
604 3097 726 3181 [legatis
742 3096 1050 3181 quaestoribusque],
1069 3097 1211 3178 quibust

130 3203 272 3286 legiones
294 3202 478 3284 tradiderat,
505 3204 620 3267 certior
641 3203 741 3267 1661116
764 3209 812 3268 661
838 3204 872 3266 in
894 3202 1027 3267 hiberna
1053 3222 1185 3286 perven-

129 3314 198 3372 tum
220 3308 390 3389 looumque
411 3307 552 3372 bibernis
574 3327 643 3373 esse
666 3309 832 3372 munitum.

218 3412 340 3478 Diebus
362 3414 487 3477 circiter
507 3413 581 3496 XV,
609 3414 724 3497 quibus
751 3416 786 3478 in
813 3413 946 3478 bibema
972 3417 1103 3478 ventum
1129 3419 1185 3497 est,
1202 3431 1239 3490 26

131 3521 257 3585 initium
290 3520 449 3603 repentini
481 3520 636 3584 tumultus
664 3538 700 3583 ac
728 3520 912 3584 deiectionis
940 3525 1044 3584 ortum
1070 3524 1119 3585 est
1145 3520 1184 3584 ab

132 3625 315 3708 Ambiorige
339 3629 370 3688 et
392 3623 576 3706 Catuvoloo;
601 3626 657 3707 qui
679 3644 753 3689 cum
775 3626 816 3690 ad
838 3625 918 3691 fines
944 3626 1035 3709 regni
1057 3627 1108 3690 sui
1130 3625 1212 3694 Sao

131 3733 207 3798 bino
231 3728 403 3813 Cottaeque
424 3735 549 3814 praesto
572 3731 706 3796 fuissent
720 3731 976 3814 frumentumque
1000 3732 1034 3794 in
1053 3732 1187 3798 hiberna

132 3837 425 3921 comportavissent,
447 3836 657 3901 Indutiomari
678 3837 806 3902 Treveri
828 3838 949 3902 nuntiis
969 3837 1097 3922 impulsi
1112 3847 1186 3904 suos

132 3945 373 4010 concitaverimt
386 3941 555 4028 subitoque
566 3943 723 4027 oppressis
737 3942 946 4028 lignatoribus
960 3962 1076 4028 magna
1089 3962 1188 4010 mann
