2738 4424
182 249 222 313 62
577 267 682 322 11111
701 267 841 325 eumer

182 431 299 511 111111,
323 446 418 510 quam
435 428 529 512 plane
553 429 592 492 ab
607 430 656 494 his
678 430 782 494 videri
805 435 873 513 aut,
896 431 973 512 quid
996 431 1044 495 rei
1066 431 1239 514 gereretur,

154 534 329 616 ccognosei
355 540 469 618 posset
518 539 586 599 tum
614 554 690 600 vero
719 536 855 601 elamore
887 536 927 600 ab
949 555 987 600 ea
1013 540 1102 619 parte
1129 533 1238 598 audito

181 639 281 702 nostri
303 640 524 724 redintegratis
546 641 680 724 vi1ibus,
703 643 788 726 quod
810 642 999 726 plerumque
1013 643 1049 705 11
1071 660 1126 726 spe
1140 641 1239 703 ricto·

155 765 168 811 1
181 743 248 808 riae
260 746 403 810 accidere
414 747 591 829 consuevit,
605 748 709 812 aerius
724 749 912 832 impugnare
927 752 1106 832 eoepenmt
1133 747 1238 809 hostes

182 849 324 933 undique
346 851 553 917 circumventi
576 854 748 936 desperatis
770 854 917 918 omnibus
939 853 1034 919 rebus
1050 873 1084 918 se
1098 871 1155 936 per
1168 871 1239 916 mu·

155 957 319 1024 enitiones
335 958 458 1023 deicere
473 963 506 1024 et
519 960 595 1043 fuga
609 960 744 1024 salutem
757 967 865 1044 petere
881 961 1120 1025 contendenmt
1158 976 1238 1041 quos

182 1064 341 1145 equitatus
373 1065 577 1147 apertissimis
609 1067 728 1150 campis
760 1069 958 1131 consectatus
990 1084 1032 1130 ex
1062 1065 1187 1128 milium
1213 1061 1240 1126 L

181 1187 326 1254 numero,
350 1189 431 1254 quae
455 1189 497 1235 ex
518 1172 695 1254 Aquitania
717 1171 947 1256 Cantabrisque
962 1173 1148 1236 convenisse
1163 1188 1239 1234 con-

182 1274 296 1358 stabat,
318 1276 376 1339 vix
399 1281 511 1358 quarta
532 1282 620 1361 parte
642 1277 752 1342 relicta
773 1278 875 1342 multa
897 1282 990 1343 nocte
1017 1296 1052 1343 se
1074 1277 1109 1341 in
1136 1279 1241 1340 castra

128 1393 163 1450 17
181 1382 307 1464 recepit.
352 1380 422 1444 Hac
445 1382 553 1446 audita
575 1403 682 1467 pugna
703 1384 844 1447 maxima
865 1403 938 1468 pars
953 1384 1146 1466 Aquitaniae
1169 1401 1240 1447 sese

182 1485 293 1550 Crasso
313 1486 434 1551 dedidit
452 1486 640 1572 obsidesque
658 1490 742 1553 ultro
765 1490 864 1571 misit3
889 1509 952 1572 quo
970 1491 1006 1553 11
1022 1507 1156 1554 numero
1170 1487 1240 1552 fue-

180 1596 257 1656 runt
286 1591 433 1676 Tarbelli,
469 1592 683 1679 Bigerriones,
719 1595 850 1678 Ptianii,
881 1596 1032 1679 Vocates,
1064 1595 1241 1678 Tarusates,

180 1697 339 1781 Elusates,
367 1697 473 1784 Getes,
506 1700 618 1782 Ausci,
651 1698 818 1783 Garumni,
851 1701 1026 1784 Sibusates,
1058 1699 1237 1766 Cocosates:

154 1822 300 1887 apaueae
330 1803 462 1869 ultimae
497 1807 643 1870 nationes
676 1807 752 1870 1111
788 1813 928 1891 tempore
965 1806 1116 1891 confisae,
1153 1805 1238 1888 quod

181 1909 282 1975 hiems
304 1909 445 1993 suberat,
467 1910 501 1974 id
522 1912 626 1977 facere
648 1912 867 1996 neglexerunt

127 2026 163 2083 18
267 2015 389 2080 Eodem
410 2016 475 2082 fere
502 2023 642 2101 tempore
670 2016 796 2102 Caesar,
824 2018 883 2082 etsi
910 2036 1008 2102 prope
1036 2021 1148 2082 exacta
1173 2017 1238 2080 iem

180 2126 281 2187 aestas
304 2126 384 2203 erat,
406 2125 526 2206 tomen,
554 2124 640 2207 quod
663 2125 750 2188 omni
774 2123 876 2188 Galba
898 2127 1010 2207 pacata
1031 2123 1148 2187 Morini
1170 2122 1238 2188 Me·

179 2232 332 2315 napiique
355 2234 552 2315 supererant,
576 2231 687 2312 quiin
710 2231 806 2294 armis
833 2234 938 2295 essent
964 2247 1069 2311 neque
1096 2229 1137 2293 ad
1163 2247 1237 2293 eum

180 2356 332 2420 umquam
354 2337 474 2421 legatos
497 2336 536 2401 de
558 2354 635 2420 pace
657 2336 832 2417 misissent,
860 2335 1028 2399 arbitratus
1054 2335 1090 2399 id
1117 2334 1237 2399 bellum

180 2442 323 2507 celeriter
354 2442 468 2506 confici
502 2461 594 2526 posse
631 2459 668 2505 eo
703 2443 879 2506 exereitum
911 2441 1018 2523 duxit3
1056 2443 1112 2524 qui
1141 2441 1239 2524 longe

180 2547 242 2610 alia
271 2548 392 2611 ratione
423 2566 460 2611 11
494 2547 611 2628 reliqui
645 2546 727 2611 Calli
758 2546 879 2612 bellum
913 2565 1023 2632 gerere
1055 2553 1235 2631 eoepenmt

153 2670 254 2715 anam
278 2652 362 2734 quod
384 2652 612 2735 intellegebant
637 2653 793 2716 maximas
820 2654 978 2736 nationes,
1008 2671 1089 2735 quae
1115 2653 1239 2736 proelio

180 2757 429 2839 contendissent,
464 2758 572 2840 pulsas
608 2763 832 2842 superatasque
868 2777 937 2823 esse
973 2761 1239 2842 continentesque

180 2863 275 2927 silvas
297 2883 334 2927 ao
356 2863 486 2947 paludes
509 2863 679 2946 habebant,
702 2882 740 2928 eo
763 2883 797 2928 se
820 2882 942 2948 suaque
965 2867 1073 2929 omnia
1095 2865 1239 2929 contule·

152 2974 261 3033 erunt.
307 2970 505 3054 adquorum
526 2970 654 3034 initium
676 2969 828 3034 silvarum
851 2989 925 3035 oum
948 2968 1061 3035 Cacsar
1074 2972 1238 3054 pervenis·

179 3081 227 3140 set
249 3082 412 3158 castraque
434 3077 559 3140 munire
573 3076 762 3140 instituisset
776 3095 880 3158 neque
894 3075 994 3140 hostis
1004 3077 1134 3141 interim
1148 3077 1240 3140 visus

180 3187 273 3265 esset,
296 3182 446 3266 dispersis
467 3184 503 3245 in
526 3201 618 3266 opere
641 3182 757 3246 nostris
779 3182 884 3245 subito
906 3201 948 3246 ex
971 3181 1119 3246 omnibus
1140 3182 1239 3265 parti·

180 3289 240 3352 bus
267 3289 365 3353 silvae
392 3288 599 3353 evolavenmt
630 3292 662 3353 et
692 3287 727 3351 in
752 3291 878 3352 nostros
904 3289 1058 3371 impetum
1083 3288 1238 3353 fecerunt.

153 3395 280 3459 1111111
303 3395 447 3459 celeriter
469 3414 555 3459 arma
570 3398 723 3478 ceperunt
744 3412 861 3475 eosque
883 3395 918 3457 in
941 3393 1036 3458 silvas
1050 3393 1241 3477 repulerunt

181 3506 213 3566 11
235 3501 450 3585 compluribus
471 3501 644 3566 interfectis
666 3500 792 3584 longius
814 3498 1066 3583 impeditioribus
1087 3499 1164 3563 locis
1186 3518 1235 3563 se-

126 3614 163 3671 11
181 3609 246 3671 cuti
267 3626 385 3691 paucos
407 3626 447 3672 ex
471 3608 538 3671 suis
553 3606 809 3691 deperdiderunt.
846 3605 990 3688 Reliquis
1006 3605 1154 3689 deinceps
1169 3603 1240 3667 die-

180 3712 241 3777 bus
264 3711 377 3778 Caesar
398 3715 493 3778 silvas
516 3714 647 3777 caedere
669 3712 820 3794 instituit,
844 3716 876 3776 et
896 3731 939 3776 ne
963 3711 1036 3794 quis
1058 3708 1240 3774 inermibus·

179 3819 498 3903 imprudentibusque
519 3818 675 3883 militibus
698 3818 737 3882 ab
759 3819 856 3883 latere
878 3819 1015 3902 impetus
1036 3814 1107 3880 fieri
1121 3820 1236 3898 posset,

181 3943 308 3990 omnem
334 3943 403 3989 eam
429 3925 606 4007 materiam,
639 3944 719 4007 quae
747 3929 815 3990 erat
841 3943 944 4006 caesa,
978 3940 1164 3987 conversam
1195 3921 1242 3985 ad
