2738 4424
175 255 217 318 66
569 266 674 322 amm
691 265 831 322 aarum

175 427 250 491 satis
280 427 395 510 Bruto,
430 427 486 511 qui
521 426 613 491 classi
647 428 801 509 praeerat,
836 423 890 489 rel
924 421 1059 486 tribunis
1089 420 1227 500 militum

176 531 489 616 cenbnionibusque,
524 532 640 615 quibus
675 529 817 614 singulae
847 547 946 594 naves
977 531 1067 591 erant
1096 524 1227 590 attribu-

177 648 240 720 tae,
266 637 441 721 constabat,
468 636 546 721 quid
572 640 703 720 agerent
728 640 783 699 aut
805 654 900 718 quam
921 634 1077 698 rationem
1102 649 1229 715 pugnae

149 743 365 809 ainsisterent
409 748 511 807 rostro
540 743 625 806 enim
656 742 765 806 noceri
790 759 856 805 non
881 757 973 823 possa
1000 741 1227 823 cognoverant3

176 848 317 913 turribus
340 853 445 913 autem
472 847 617 911 excitatis
644 849 750 911 tamen
772 845 828 910 has
855 844 988 909 altitudo
1010 843 1164 928 puppium
1184 861 1228 907 ex

177 953 318 1018 barbaris
344 952 479 1016 navibus
506 951 688 1035 superabat,
713 955 750 1014 ut
775 969 880 1033 neque
907 969 949 1015 ex
979 949 1128 1014 inferiore
1158 947 1229 1012 loco

178 1059 254 1123 satis
276 1058 438 1123 commode
465 1058 529 1123 tela
556 1057 640 1141 adigi
666 1061 795 1141 possent
821 1060 854 1121 et
878 1057 976 1120 missa
997 1074 1017 1119 a
1039 1054 1137 1120 Gallis
1159 1073 1229 1138 gra·

149 1164 249 1230 evius
275 1163 460 1228 acciderent
504 1182 569 1226 una
595 1166 662 1227 erat
687 1181 802 1245 magno
829 1162 903 1226 usui
928 1180 979 1226 res
1005 1164 1189 1245 praeparata
1209 1179 1230 1222 a

178 1270 305 1352 nostris,
334 1268 430 1333 falces
460 1272 647 1353 praeacutae
677 1267 815 1332 insertae
850 1265 1037 1351 adfixaeque
1067 1265 1229 1348 longuriis,

150 1393 243 1440 cnon
265 1373 401 1438 absimili
422 1372 522 1437 forma
537 1372 707 1437 muralium
727 1372 864 1437 falcium.
886 1373 1024 1436 hiscum
1044 1371 1150 1455 fimes,
1174 1371 1230 1454 qui

178 1483 342 1543 antemnas
369 1478 409 1542 ad
434 1478 535 1543 malos
557 1477 769 1562 destinabant,
795 1478 1012 1562 comprehensi
1039 1477 1229 1560 adductique

151 1588 282 1666 terant,
312 1583 438 1668 navigio
469 1584 565 1648 remis
595 1583 724 1648 incitato
754 1584 1064 1668 praerumpebantur.
1113 1583 1229 1667 quibus

179 1689 308 1753 abscisis
330 1694 496 1754 antemnae
517 1689 695 1754 necessario
716 1689 938 1772 concidebant,
959 1694 1008 1772 ut,
1032 1708 1105 1753 oum
1127 1688 1229 1752 omnis

180 1794 308 1859 Gallicis
329 1794 464 1858 navibus
490 1813 562 1878 spes
587 1795 622 1857 in
643 1794 723 1858 velis
750 1795 1013 1878 armamentisque
1039 1795 1230 1876 consisteret,

179 1901 229 1964 his
260 1901 375 1984 ereptis
406 1900 508 1965 omnis
540 1918 617 1964 usus
643 1899 774 1963 navium
796 1919 859 1964 uno
886 1904 1026 1983 tempora
1049 1901 1228 1983 eriperetur.

152 2006 337 2090 areliquum
359 2011 427 2070 erat
448 2009 606 2070 certamen
628 2006 766 2087 positum
780 2006 816 2070 in
830 2006 958 2088 virtute,
982 2025 1045 2089 qua
1058 2005 1158 2070 nostri
1171 2005 1230 2068 mi·

178 2112 250 2177 lites
271 2111 363 2177 facile
385 2110 589 2196 superabant,
612 2115 707 2194 atque
723 2129 760 2176 eo
775 2112 887 2195 magis,
911 2111 996 2194 quod
1010 2112 1045 2174 in
1060 2113 1229 2194 conspectu

179 2216 320 2282 Caesaris
342 2222 436 2299 atque
459 2217 561 2280 omnis
584 2216 744 2281 exercitus
765 2235 817 2281 res
838 2216 1017 2300 gerebatur,
1044 2221 1081 2280 ut
1105 2215 1228 2279 nullum

29 2317 30 2320 ’
152 2323 273 2405 spaulo
294 2321 405 2386 fortius
427 2321 545 2385 factum
566 2323 664 2388 latere
686 2327 803 2406 possat3
831 2341 941 2387 omnes
963 2323 1048 2387 enim
1074 2321 1170 2387 colles
1191 2341 1229 2386 ac

179 2427 249 2491 loca
270 2428 444 2511 superiora,
471 2427 557 2492 unde
580 2433 647 2492 erat
668 2428 865 2510 propinquus
887 2428 1053 2511 despectus
1078 2428 1113 2491 in
1134 2445 1228 2509 mare,

128 2545 164 2600 15
182 2531 220 2595 ab
243 2533 387 2596 exercitu
409 2531 606 2596 tenebantur.
650 2531 802 2615 Deiectis,
828 2537 865 2596 ut
886 2534 1039 2615 diximus,
1065 2533 1228 2617 antemnis,

180 2655 253 2700 cnm
276 2636 417 2720 singulas
438 2636 533 2701 binae
556 2656 593 2701 ac
617 2641 726 2703 ternae
748 2657 845 2703 naves
867 2640 1149 2722 circumsteterant,
1170 2639 1228 2702 mi·
1291 2720 1300 2726 ..

179 2741 251 2805 lites
273 2760 397 2804 summa
419 2743 452 2805 vi
478 2744 699 2808 nansoendera
720 2743 755 2806 in
777 2742 914 2808 hostium
940 2763 1038 2810 naves
1060 2744 1228 2810 contende-

154 2845 264 2910 abant
309 2847 395 2928 quod
416 2850 583 2930 postquam
610 2847 735 2912 barbari
760 2847 829 2913 fieri
852 2850 1150 2932 animadverterunt,
1173 2869 1228 2914 ex-

182 2953 328 3036 pugnatis
337 2952 551 3035 compluribus
562 2953 705 3036 naribus,
715 2972 787 3017 cnm
798 2955 829 3019 ei
842 2955 889 3019 rei
903 2955 1027 3019 nullum
1040 2956 1229 3040 reperiretur

154 3057 351 3142 aauxilium,
372 3058 446 3142 luga
467 3057 599 3122 salutem
621 3063 726 3142 patere
749 3060 983 3123 contenderunt
1011 3079 1048 3124 ae
1068 3061 1133 3125 iam
1154 3080 1228 3126 oon-

123 3217 128 3226 .
182 3164 280 3228 versis
301 3164 337 3227 in
359 3182 428 3228 eam
449 3167 570 3247 partem
594 3163 740 3248 navibus,
768 3184 831 3246 quo
854 3171 968 3230 ventus
989 3166 1120 3249 ferebat,
1142 3172 1228 3232 tanta

182 3269 285 3334 subito
318 3269 450 3333 malacia
481 3289 518 3334 ac
554 3269 766 3352 tranquillitas
801 3271 918 3355 extitit,
953 3277 990 3335 ut
1021 3290 1055 3337 se
1089 3291 1129 3336 ex
1159 3272 1227 3336 loco

155 3391 310 3440 amovere
331 3394 397 3439 non
418 3380 553 3458 possent
599 3393 680 3458 quae
696 3376 822 3458 quidem
844 3394 895 3440 res
917 3376 958 3440 ad
971 3379 1133 3460 negotium
1154 3398 1228 3443 con-

156 3479 352 3546 cfioiendum
382 3481 520 3545 maxime
554 3481 615 3544 luit
650 3487 815 3565 oportama:
852 3500 926 3544 nam
956 3483 1096 3567 singulas
1129 3486 1228 3548 nostri

183 3587 351 3650 consectati
375 3589 651 3669 expugnaverunt,
673 3590 710 3649 ut
730 3603 905 3669 perpaucae
927 3606 969 3651 ex
991 3588 1077 3651 omni
1098 3606 1227 3650 numero

183 3691 285 3755 noctis
306 3692 486 3755 interventu
500 3691 541 3753 ad
563 3695 677 3754 terram
691 3692 904 3775 pervenirent,
926 3710 999 3755 cum
1013 3691 1052 3755 ab
1067 3692 1143 3756 hora
1163 3691 1228 3756 fere

131 3803 167 3859 le
183 3795 258 3859 ΠΗ
280 3814 381 3879 usque
412 3794 451 3858 ad
483 3795 559 3858 solis
590 3814 735 3859 occasum
765 3801 964 3879 pugnaretur.
1010 3795 1078 3873 Quo
1107 3796 1227 3879 proelio

184 3899 303 3964 bellum
335 3900 528 3965 Venetorum
559 3899 716 3981 totiusque
747 3919 820 3964 orae
846 3900 1022 3965 maritimae
1053 3901 1228 3966 confectum
